@masterthesis{Schaefer:2019:MSC,
    author = {Sch\"afer, Marlin Benedikt},
    title = {Analysis of Gravitational-Wave Signals from Binary Neutron Star Mergers Using Machine Learning},
    school = {Leibniz Universit\"at Hannover and Albert Einstein Institute Hannover},
    year = {2019},
    month = {9},
    doi = {10.15488/7467}
}
@book{Goodfellow:2016:DNN,
    title={Deep Learning},
    author={Ian Goodfellow and Yoshua Bengio and Aaron Courville},
    publisher={MIT Press},
    url={http://www.deeplearningbook.org},
    year={2016}
}
@book{Nielsen:2015:DNN,
    title={Neural Networks and Deep Learning},
    author={Michael Nielsen},
    publisher={Determination Press},
    year={2015},
    url={http://neuralnetworksanddeeplearning.com/index.html}
}
@Inbook{Liu:2011,
author="Liu, Bing",
title="Supervised Learning",
bookTitle="Web Data Mining: Exploring Hyperlinks, Contents, and Usage Data",
year="2011",
publisher="Springer Berlin Heidelberg",
address="Berlin, Heidelberg",
pages="63--132",
isbn="978-3-642-19460-3",
doi="10.1007/978-3-642-19460-3_3",
url="https://doi.org/10.1007/978-3-642-19460-3_3"
}

@Inbook{Ghahramani:2004,
author="Ghahramani, Zoubin",
editor="Bousquet, Olivier
and von Luxburg, Ulrike
and R{\"a}tsch, Gunnar",
title="Unsupervised Learning",
bookTitle="Advanced Lectures on Machine Learning: ML Summer Schools 2003, Canberra, Australia, February 2 - 14, 2003, T{\"u}bingen, Germany, August 4 - 16, 2003, Revised Lectures",
year="2004",
publisher="Springer Berlin Heidelberg",
address="Berlin, Heidelberg",
pages="72--112",
isbn="978-3-540-28650-9",
doi="10.1007/978-3-540-28650-9_5",
url="https://doi.org/10.1007/978-3-540-28650-9_5"
}

@book{sutton:2018,
  title={Reinforcement learning: An introduction},
  author={Sutton, Richard S and Barto, Andrew G},
  year={2018},
  publisher={MIT press},
  isbn={9780262039246},
  url={https://mitpress.mit.edu/books/reinforcement-learning-second-edition}
}
@article {Sallab:2017,
title = "Deep Reinforcement Learning framework for Autonomous Driving",
journal = "Electronic Imaging",
parent_itemid = "infobike://ist/ei",
publishercode ="ist",
year = "2017",
month = "1",
day = "29",
volume = "2017",
number = "19",
pages = "70-76",
issn = "2470-1173",
eissn = "2470-1173",
url = "https://www.ingentaconnect.com/content/ist/ei/2017/00002017/00000019/art00012",
doi = "doi:10.2352/ISSN.2470-1173.2017.19.AVM-023",
keyword = "REINFORCEMENT LEARNING, DEEP LEARNING, AUTONOMOUS DRIVING",
author = "Sallab, Ahmad EL and Abdou, Mohammed and Perot, Etienne and Yogamani, Senthil"
}
@Article{Silver:2016,
author={Silver, David
and Huang, Aja
and Maddison, Chris J.
and Guez, Arthur
and Sifre, Laurent
and van den Driessche, George
and Schrittwieser, Julian
and Antonoglou, Ioannis
and Panneershelvam, Veda
and Lanctot, Marc
and Dieleman, Sander
and Grewe, Dominik
and Nham, John
and Kalchbrenner, Nal
and Sutskever, Ilya
and Lillicrap, Timothy
and Leach, Madeleine
and Kavukcuoglu, Koray
and Graepel, Thore
and Hassabis, Demis},
title={Mastering the game of Go with deep neural networks and tree search},
journal={Nature},
year={2016},
month={1},
day={01},
volume={529},
number={7587},
pages={484-489},
issn={1476-4687},
doi={10.1038/nature16961},
url={https://doi.org/10.1038/nature16961}
}
@misc{openai:2019,
      title={Dota 2 with Large Scale Deep Reinforcement Learning}, 
      author={OpenAI and : and Christopher Berner and Greg Brockman and Brooke Chan and Vicki Cheung and Przemysław Dębiak and Christy Dennison and David Farhi and Quirin Fischer and Shariq Hashme and Chris Hesse and Rafal Józefowicz and Scott Gray and Catherine Olsson and Jakub Pachocki and Michael Petrov and Henrique P. d. O. Pinto and Jonathan Raiman and Tim Salimans and Jeremy Schlatter and Jonas Schneider and Szymon Sidor and Ilya Sutskever and Jie Tang and Filip Wolski and Susan Zhang},
      year={2019},
      eprint={1912.06680},
      archivePrefix={arXiv},
      primaryClass={cs.LG}
}
@Article{McCulloch:1943,
author={McCulloch, Warren S.
and Pitts, Walter},
title={A logical calculus of the ideas immanent in nervous activity},
journal={The bulletin of mathematical biophysics},
year={1943},
month={Dec},
day={01},
volume={5},
number={4},
pages={115-133},
issn={1522-9602},
doi={10.1007/BF02478259},
url={https://doi.org/10.1007/BF02478259}
}
@Article{Piccinini:2004,
author={Piccinini, Gualtiero},
title={The First Computational Theory of Mind and Brain: A Close Look at Mcculloch and Pitts's ``Logical Calculus of Ideas Immanent in Nervous Activity''},
journal={Synthese},
year={2004},
month={Aug},
day={01},
volume={141},
number={2},
pages={175-215},
issn={1573-0964},
doi={10.1023/B:SYNT.0000043018.52445.3e},
url={https://doi.org/10.1023/B:SYNT.0000043018.52445.3e}
}
@article{rosenblatt:1958,
  title={The perceptron: a probabilistic model for information storage and organization in the brain.},
  author={Rosenblatt, Frank},
  journal={Psychological review},
  volume={65},
  number={6},
  pages={386},
  year={1958},
  publisher={American Psychological Association},
  doi={https://doi.org/10.1037/h0042519}
}
@article{Hinton:2006,
    author = {Hinton, Geoffrey E. and Osindero, Simon and Teh, Yee-Whye},
    title = {A Fast Learning Algorithm for Deep Belief Nets},
    journal = {Neural Computation},
    volume = {18},
    number = {7},
    pages = {1527-1554},
    year = {2006},
    month = {07},
    issn = {0899-7667},
    doi = {10.1162/neco.2006.18.7.1527},
    url = {https://doi.org/10.1162/neco.2006.18.7.1527},
    eprint = {https://direct.mit.edu/neco/article-pdf/18/7/1527/816558/neco.2006.18.7.1527.pdf},
}
@article{krizhevsky:2012,
  title={Imagenet classification with deep convolutional neural networks},
  author={Krizhevsky, Alex and Sutskever, Ilya and Hinton, Geoffrey E},
  journal={Advances in neural information processing systems},
  volume={25},
  pages={1097--1105},
  year={2012}
}
@InProceedings{Szegedy:2015,
author = {Szegedy, Christian and Liu, Wei and Jia, Yangqing and Sermanet, Pierre and Reed, Scott and Anguelov, Dragomir and Erhan, Dumitru and Vanhoucke, Vincent and Rabinovich, Andrew},
title = {Going Deeper With Convolutions},
booktitle = {Proceedings of the IEEE Conference on Computer Vision and Pattern Recognition (CVPR)},
month = {June},
year = {2015}
}
@article{Hinton:2012,
  author={Hinton, Geoffrey and Deng, Li and Yu, Dong and Dahl, George E. and Mohamed, Abdel-rahman and Jaitly, Navdeep and Senior, Andrew and Vanhoucke, Vincent and Nguyen, Patrick and Sainath, Tara N. and Kingsbury, Brian},
  journal={IEEE Signal Processing Magazine}, 
  title={Deep Neural Networks for Acoustic Modeling in Speech Recognition: The Shared Views of Four Research Groups}, 
  year={2012},
  volume={29},
  number={6},
  pages={82-97},
  doi={10.1109/MSP.2012.2205597}
}
@book{nilsson:2009,
    title={The Quest for Artificial Intelligence},
    author={Nilsson, Nils J.},
    year={2009},
    month={10},
    publisher={Cambridge University Press},
    isbn={9780521122931},
    url={http://www.cambridge.org/us/0521122937}
}
@phdthesis{Dreissigacker:2020phd,
    title={Searches for Continuous Gravitational Waves: Sensitivity Estimation and Deep Learning as a Novel Search Method},
    author={Christoph Dreissigacker},
    year={2020},
    school={Gottfried Wilhelm Leibniz Universit{\"a}t Hannover},
    doi={10.15488/10137}
}
@book{Lenat:1989aaa,
    title={Building large knowledge-based systems; representation and inference in the Cyc project},
    author={Lenat, D. B. and Guha, R. V.},
    year={1989},
    publisher={Addison-Wesley Longman Publishing Co., Inc.}
}
@INPROCEEDINGS{Ho:1995aaa,
    author={Tin Kam Ho},
    booktitle={Proceedings of 3rd International Conference on Document Analysis and Recognition}, 
    title={Random decision forests}, 
    year={1995},
    volume={1},
    number={},
    pages={278-282 vol.1},
    doi={10.1109/ICDAR.1995.598994}
}
@inproceedings{Boser:1992aaa,
    author = {Boser, Bernhard E. and Guyon, Isabelle M. and Vapnik, Vladimir N.},
    title = {A Training Algorithm for Optimal Margin Classifiers},
    year = {1992},
    isbn = {089791497X},
    publisher = {Association for Computing Machinery},
    address = {New York, NY, USA},
    url = {https://doi.org/10.1145/130385.130401},
    doi = {10.1145/130385.130401},
    booktitle = {Proceedings of the Fifth Annual Workshop on Computational Learning Theory},
    pages = {144–152},
    numpages = {9},
    location = {Pittsburgh, Pennsylvania, USA},
    series = {COLT '92}
}
@book{Geron:2017aaa,
    author={Aur\'{e}lien G\'{e}ron},
    title={Hands-On Machine Learning with Scikit-Learn and TensorFlow},
    year={2019},
    publisher={O’Reilly Media, Inc.},
    isbn={978-1-492-03264-9}
}
@Article{Mnih:2015aaa,
    author={Mnih, Volodymyr and Kavukcuoglu, Koray and Silver, David and Rusu, Andrei A. and Veness, Joel and Bellemare, Marc G. and Graves, Alex and Riedmiller, Martin and Fidjeland,  ndreas K. and Ostrovski, Georg and Petersen, Stig and Beattie, Charles and Sadik, Amir and Antonoglou, Ioannis and King, Helen and Kumaran, Dharshan and Wierstra, Daan and Legg, Shane and Hassabis, Demis},
    title={Human-level control through deep reinforcement learning},
    journal={Nature},
    year={2015},
    month={Feb},
    day={01},
    volume={518},
    number={7540},
    pages={529-533},
    issn={1476-4687},
    doi={10.1038/nature14236},
    url={https://doi.org/10.1038/nature14236}
}
@article{Finn:2015aaa,
    author = "Chelsea Finn and Xin Yu Tan and Yan Duan and Trevor Darrell and Sergey Levine and Pieter Abbeel",
    title = "Deep Spatial Autoencoders for Visuomotor Learning",
    eprint = "1509.06113",
    archivePrefix = "arXiv",
    month = "9",
    year = "2015"
}
@techreport{rumelhart1985:aaa,
  title={Learning internal representations by error propagation},
  author={Rumelhart, David E and Hinton, Geoffrey E and Williams, Ronald J},
  year={1985},
  institution={California Univ San Diego La Jolla Inst for Cognitive Science}
}
@article{Hornik:1989aaa,
title = {Multilayer feedforward networks are universal approximators},
journal = {Neural Networks},
volume = {2},
number = {5},
pages = {359-366},
year = {1989},
issn = {0893-6080},
doi = {https://doi.org/10.1016/0893-6080(89)90020-8},
url = {https://www.sciencedirect.com/science/article/pii/0893608089900208},
author = {Kurt Hornik and Maxwell Stinchcombe and Halbert White},
}
@article{Hornik:1990aaa,
title = {Universal approximation of an unknown mapping and its derivatives using multilayer feedforward networks},
journal = {Neural Networks},
volume = {3},
number = {5},
pages = {551-560},
year = {1990},
issn = {0893-6080},
doi = {https://doi.org/10.1016/0893-6080(90)90005-6},
url = {https://www.sciencedirect.com/science/article/pii/0893608090900056},
author = {Kurt Hornik and Maxwell Stinchcombe and Halbert White},
}
@article{Wolpert:1996aaa,
    author = {Wolpert, David H.},
    title = "{The Lack of A Priori Distinctions Between Learning Algorithms}",
    journal = {Neural Computation},
    volume = {8},
    number = {7},
    pages = {1341-1390},
    year = {1996},
    month = {10},
    issn = {0899-7667},
    doi = {10.1162/neco.1996.8.7.1341},
    url = {https://doi.org/10.1162/neco.1996.8.7.1341},
    eprint = {https://direct.mit.edu/neco/article-pdf/8/7/1341/813495/neco.1996.8.7.1341.pdf},
}
@misc{He:2015aaa,
  doi = {10.48550/ARXIV.1512.03385},
  url = {https://arxiv.org/abs/1512.03385},
  author = {He, Kaiming and Zhang, Xiangyu and Ren, Shaoqing and Sun, Jian},
  keywords = {Computer Vision and Pattern Recognition (cs.CV), FOS: Computer and information sciences, FOS: Computer and information sciences},
  title = {Deep Residual Learning for Image Recognition},
  publisher = {arXiv},
  year = {2015},
  copyright = {arXiv.org perpetual, non-exclusive license}
}

@InProceedings{Glorot:2010aaa,
  title =    {Understanding the difficulty of training deep feedforward neural networks},
  author =   {Glorot, Xavier and Bengio, Yoshua},
  booktitle =    {Proceedings of the Thirteenth International Conference on Artificial Intelligence and Statistics},
  pages =    {249--256},
  year =     {2010},
  editor =   {Teh, Yee Whye and Titterington, Mike},
  volume =   {9},
  series =   {Proceedings of Machine Learning Research},
  address =      {Chia Laguna Resort, Sardinia, Italy},
  month =    {13--15 May},
  publisher =    {PMLR},
  pdf =      {http://proceedings.mlr.press/v9/glorot10a/glorot10a.pdf},
  url =      {https://proceedings.mlr.press/v9/glorot10a.html},
  abstract =     {Whereas before 2006 it appears that deep multi-layer neural networks were not successfully trained, since then several algorithms have been shown to successfully train them, with experimental results showing the superiority of deeper vs less deep architectures. All these experimental results were obtained with new initialization or training mechanisms. Our objective here is to understand better why standard gradient descent from random initialization is doing so poorly with deep neural networks, to better understand these recent relative successes and help design better algorithms in the future.  We first observe the influence of the non-linear activations functions. We find that the logistic sigmoid activation is unsuited for deep networks with random initialization because of its mean value, which can drive especially the top hidden layer into saturation. Surprisingly, we find that saturated units can move out of saturation by themselves, albeit slowly, and explaining the plateaus sometimes seen when training neural networks. We find that a new non-linearity that saturates less can often be beneficial. Finally, we study how activations and gradients vary across layers and during training, with the idea that training may be more difficult when the singular values of the Jacobian associated with each layer are far from 1.  Based on these considerations, we propose a new initialization scheme that brings substantially faster convergence.}
}
@misc{Kingma:2014aaa,
  doi = {10.48550/ARXIV.1412.6980},
  url = {https://arxiv.org/abs/1412.6980},
  author = {Kingma, Diederik P. and Ba, Jimmy},
  keywords = {Machine Learning (cs.LG), FOS: Computer and information sciences, FOS: Computer and information sciences},
  title = {Adam: A Method for Stochastic Optimization},
  publisher = {arXiv},
  year = {2014},
  copyright = {arXiv.org perpetual, non-exclusive license}
}
@misc{Tieleman:2012aaa,
    author = {Tieleman, T. and Hinton, G.},
    title = {COURSERA: Neural Networks for Machine Learning},
    note = {Slide 29 in Lecture 6.5},
    year = {2012}
}
@article{Duchi:2011aaa,
  author  = {John Duchi and Elad Hazan and Yoram Singer},
  title   = {Adaptive Subgradient Methods for Online Learning and Stochastic Optimization},
  journal = {Journal of Machine Learning Research},
  year    = {2011},
  volume  = {12},
  number  = {61},
  pages   = {2121--2159},
  url     = {http://jmlr.org/papers/v12/duchi11a.html}
}
@article{LeCun:1989aaa,
  title={Generalization and network design strategies},
  author={LeCun, Yann},
  journal={Connectionism in perspective},
  volume={19},
  number={143-155},
  pages={18},
  year={1989},
  publisher={North Holland}
}
@article{LeCun:1998aaa,
  author={LeCun, Y. and Bottou, L. and Bengio, Y. and Haffner, P.},
  journal={Proceedings of the IEEE}, 
  title={Gradient-based learning applied to document recognition}, 
  year={1998},
  volume={86},
  number={11},
  pages={2278-2324},
  doi={10.1109/5.726791}
}
@misc{Simonyan:2014aaa,
  doi = {10.48550/ARXIV.1409.1556},
  url = {https://arxiv.org/abs/1409.1556},
  author = {Simonyan, Karen and Zisserman, Andrew},
  keywords = {Computer Vision and Pattern Recognition (cs.CV), FOS: Computer and information sciences, FOS: Computer and information sciences},
  title = {Very Deep Convolutional Networks for Large-Scale Image Recognition},
  publisher = {arXiv},
  year = {2014},
  copyright = {arXiv.org perpetual, non-exclusive license}
}
@misc{Howard:2017aaa,
  doi = {10.48550/ARXIV.1704.04861},
  url = {https://arxiv.org/abs/1704.04861},
  author = {Howard, Andrew G. and Zhu, Menglong and Chen, Bo and Kalenichenko, Dmitry and Wang, Weijun and Weyand, Tobias and Andreetto, Marco and Adam, Hartwig},
  keywords = {Computer Vision and Pattern Recognition (cs.CV), FOS: Computer and information sciences, FOS: Computer and information sciences},
  title = {MobileNets: Efficient Convolutional Neural Networks for Mobile Vision Applications},
  publisher = {arXiv},
  year = {2017},
  copyright = {arXiv.org perpetual, non-exclusive license}
}
@InProceedings{Girshick:2013aaa,
    author = {Girshick, Ross and Donahue, Jeff and Darrell, Trevor and Malik, Jitendra},
    title = {Rich Feature Hierarchies for Accurate Object Detection and Semantic Segmentation},
    booktitle = {Proceedings of the IEEE Conference on Computer Vision and Pattern Recognition (CVPR)},
    month = {June},
    year = {2014},
    doi = {10.48550/ARXIV.1311.2524},
    url = {https://arxiv.org/abs/1311.2524}
} 
@misc{Ren:2015aaa,
  doi = {10.48550/ARXIV.1506.01497},
  url = {https://arxiv.org/abs/1506.01497},
  author = {Ren, Shaoqing and He, Kaiming and Girshick, Ross and Sun, Jian},
  keywords = {Computer Vision and Pattern Recognition (cs.CV), FOS: Computer and information sciences, FOS: Computer and information sciences},
  title = {Faster R-CNN: Towards Real-Time Object Detection with Region Proposal Networks},
  publisher = {arXiv},
  year = {2015},
  copyright = {arXiv.org perpetual, non-exclusive license}
}
@InProceedings{Liu:2016aaa,
    author={Liu, Wei and Anguelov, Dragomir and Erhan, Dumitru and Szegedy, Christian and Reed, Scott and Fu, Cheng-Yang and Berg, Alexander C.},
    editor={Leibe, Bastian and Matas, Jiri and Sebe, Nicu and Welling, Max},
    title={SSD: Single Shot MultiBox Detector},
    booktitle={Computer Vision -- ECCV 2016},
    year={2016},
    publisher={Springer International Publishing},
    address={Cham},
    pages={21--37},
    isbn={978-3-319-46448-0},
    doi = {https://doi.org/10.1007/978-3-319-46448-0_2},
    month={9},
    day={17}
}
@misc{Redmon:2015aaa,
  doi = {10.48550/ARXIV.1506.02640},
  url = {https://arxiv.org/abs/1506.02640},
  author = {Redmon, Joseph and Divvala, Santosh and Girshick, Ross and Farhadi, Ali},
  keywords = {Computer Vision and Pattern Recognition (cs.CV), FOS: Computer and information sciences, FOS: Computer and information sciences},
  title = {You Only Look Once: Unified, Real-Time Object Detection},
  publisher = {arXiv},
  year = {2015},
  copyright = {arXiv.org perpetual, non-exclusive license}
}
@misc{Elharrouss:2022aaa,
  doi = {10.48550/ARXIV.2206.08016},
  url = {https://arxiv.org/abs/2206.08016},
  author = {Elharrouss, Omar and Akbari, Younes and Almaadeed, Noor and Al-Maadeed, Somaya},
  keywords = {Computer Vision and Pattern Recognition (cs.CV), FOS: Computer and information sciences, FOS: Computer and information sciences},
  title = {Backbones-Review: Feature Extraction Networks for Deep Learning and Deep Reinforcement Learning Approaches},
  publisher = {arXiv},
  year = {2022},
  copyright = {Creative Commons Attribution Non Commercial Share Alike 4.0 International}
}
@InProceedings{Girshick:2015aaa,
    author = {Girshick, Ross},
    title = {Fast R-CNN},
    booktitle = {Proceedings of the IEEE International Conference on Computer Vision (ICCV)},
    month = {December},
    year = {2015}
}
@InProceedings{He:2017aaa,
    author = {He, Kaiming and Gkioxari, Georgia and Dollar, Piotr and Girshick, Ross},
    title = {Mask R-CNN},
    booktitle = {Proceedings of the IEEE International Conference on Computer Vision (ICCV)},
    month = {Oct},
    year = {2017}
}
@article{Srivastava:2014aaa,
  author  = {Nitish Srivastava and Geoffrey Hinton and Alex Krizhevsky and Ilya Sutskever and Ruslan Salakhutdinov},
  title   = {Dropout: A Simple Way to Prevent Neural Networks from Overfitting},
  journal = {Journal of Machine Learning Research},
  year    = {2014},
  volume  = {15},
  number  = {56},
  pages   = {1929--1958},
  url     = {http://jmlr.org/papers/v15/srivastava14a.html}
}
@article{LIGOScientific:2016aoc,
    author = "Abbott, B. P. and others",
    collaboration = "LIGO Scientific, Virgo",
    title = "{Observation of Gravitational Waves from a Binary Black Hole Merger}",
    eprint = "1602.03837",
    archivePrefix = "arXiv",
    primaryClass = "gr-qc",
    reportNumber = "LIGO-P150914",
    doi = "10.1103/PhysRevLett.116.061102",
    journal = "Phys. Rev. Lett.",
    volume = "116",
    number = "6",
    pages = "061102",
    year = "2016"
}
@article{LIGOScientific:2020ibl,
    author = "Abbott, R. and others",
    collaboration = "LIGO Scientific, Virgo",
    title = "{GWTC-2: Compact Binary Coalescences Observed by LIGO and Virgo During the First Half of the Third Observing Run}",
    eprint = "2010.14527",
    archivePrefix = "arXiv",
    primaryClass = "gr-qc",
    reportNumber = "P2000061",
    doi = "10.1103/PhysRevX.11.021053",
    journal = "Phys. Rev. X",
    volume = "11",
    pages = "021053",
    year = "2021"
}
@article{Nitz:2021uxj,
    author = {Nitz, Alexander H. and Capano, Collin D. and Kumar, Sumit and Wang, Yi-Fan and Kastha, Shilpa and Sch\"afer, Marlin and Dhurkunde, Rahul and Cabero, Miriam},
    title = "{3-OGC: Catalog of Gravitational Waves from Compact-binary Mergers}",
    eprint = "2105.09151",
    archivePrefix = "arXiv",
    primaryClass = "astro-ph.HE",
    doi = "10.3847/1538-4357/ac1c03",
    journal = "Astrophys. J.",
    volume = "922",
    number = "1",
    pages = "76",
    year = "2021"
}
@article{LIGOScientific:2017vwq,
    author = "Abbott, B. P. and others",
    collaboration = "LIGO Scientific, Virgo",
    title = "{GW170817: Observation of Gravitational Waves from a Binary Neutron Star Inspiral}",
    eprint = "1710.05832",
    archivePrefix = "arXiv",
    primaryClass = "gr-qc",
    reportNumber = "LIGO-P170817",
    doi = "10.1103/PhysRevLett.119.161101",
    journal = "Phys. Rev. Lett.",
    volume = "119",
    number = "16",
    pages = "161101",
    year = "2017"
}
@article{Goldstein:2017mmi,
    author = "Goldstein, A. and others",
    title = "{An Ordinary Short Gamma-Ray Burst with Extraordinary Implications: Fermi-GBM Detection of GRB 170817A}",
    eprint = "1710.05446",
    archivePrefix = "arXiv",
    primaryClass = "astro-ph.HE",
    doi = "10.3847/2041-8213/aa8f41",
    journal = "Astrophys. J. Lett.",
    volume = "848",
    number = "2",
    pages = "L14",
    year = "2017"
}
@article{Savchenko:2017ffs,
    author = "Savchenko, V. and others",
    title = "{INTEGRAL Detection of the First Prompt Gamma-Ray Signal Coincident with the Gravitational-wave Event GW170817}",
    eprint = "1710.05449",
    archivePrefix = "arXiv",
    primaryClass = "astro-ph.HE",
    doi = "10.3847/2041-8213/aa8f94",
    journal = "Astrophys. J. Lett.",
    volume = "848",
    number = "2",
    pages = "L15",
    year = "2017"
}
@article{DES:2017kbs,
    author = "Soares-Santos, M. and others",
    collaboration = "DES, Dark Energy Camera GW-EM",
    title = "{The Electromagnetic Counterpart of the Binary Neutron Star Merger LIGO/Virgo GW170817. I. Discovery of the Optical Counterpart Using the Dark Energy Camera}",
    eprint = "1710.05459",
    archivePrefix = "arXiv",
    primaryClass = "astro-ph.HE",
    reportNumber = "FERMILAB-PUB-17-454-AE-CD-PPD",
    doi = "10.3847/2041-8213/aa9059",
    journal = "Astrophys. J. Lett.",
    volume = "848",
    number = "2",
    pages = "L16",
    year = "2017"
}
@article{LIGOScientific:2017ync,
    author = "Abbott, B. P. and others",
    collaboration = "LIGO Scientific, Virgo, Fermi GBM, INTEGRAL, IceCube, AstroSat Cadmium Zinc Telluride Imager Team, IPN, Insight-Hxmt, ANTARES, Swift, AGILE Team, 1M2H Team, Dark Energy Camera GW-EM, DES, DLT40, GRAWITA, Fermi-LAT, ATCA, ASKAP, Las Cumbres Observatory Group, OzGrav, DWF (Deeper Wider Faster Program), AST3, CAASTRO, VINROUGE, MASTER, J-GEM, GROWTH, JAGWAR, CaltechNRAO, TTU-NRAO, NuSTAR, Pan-STARRS, MAXI Team, TZAC Consortium, KU, Nordic Optical Telescope, ePESSTO, GROND, Texas Tech University, SALT Group, TOROS, BOOTES, MWA, CALET, IKI-GW Follow-up, H.E.S.S., LOFAR, LWA, HAWC, Pierre Auger, ALMA, Euro VLBI Team, Pi of Sky, Chandra Team at McGill University, DFN, ATLAS Telescopes, High Time Resolution Universe Survey, RIMAS, RATIR, SKA South Africa/MeerKAT",
    title = "{Multi-messenger Observations of a Binary Neutron Star Merger}",
    eprint = "1710.05833",
    archivePrefix = "arXiv",
    primaryClass = "astro-ph.HE",
    reportNumber = "LIGO-P1700294, VIR-0802A-17, FERMILAB-PUB-17-478-A-AE-CD",
    doi = "10.3847/2041-8213/aa91c9",
    journal = "Astrophys. J. Lett.",
    volume = "848",
    number = "2",
    pages = "L12",
    year = "2017"
}
@online{ligo_pipelines,
    title={Online Pipelines},
    author={LIGO Scientific Collaboration and VIRGO Collaboration},
    url={https://emfollow.docs.ligo.org/userguide/analysis/searches.html},
    urldate={2019-09-10},
    year={2018}
}
@article{Sachdev:2019vvd,
    author = "Sachdev, Surabhi and others",
    title = "{The GstLAL Search Analysis Methods for Compact Binary Mergers in Advanced LIGO's Second and Advanced Virgo's First Observing Runs}",
    eprint = "1901.08580",
    archivePrefix = "arXiv",
    primaryClass = "gr-qc",
    month = "1",
    year = "2019"
}
@article{Adams:2015ulm,
    author = "Adams, T. and Buskulic, D. and Germain, V. and Guidi, G. M. and Marion, F. and Montani, M. and Mours, B. and Piergiovanni, F. and Wang, G.",
    title = "{Low-latency analysis pipeline for compact binary coalescences in the advanced gravitational wave detector era}",
    eprint = "1512.02864",
    archivePrefix = "arXiv",
    primaryClass = "gr-qc",
    doi = "10.1088/0264-9381/33/17/175012",
    journal = "Class. Quant. Grav.",
    volume = "33",
    number = "17",
    pages = "175012",
    year = "2016"
}
@article{Nitz:2018rgo,
    author = "Nitz, Alexander H. and Dal Canton, Tito and Davis, Derek and Reyes, Steven",
    title = "{Rapid detection of gravitational waves from compact binary mergers with PyCBC Live}",
    eprint = "1805.11174",
    archivePrefix = "arXiv",
    primaryClass = "gr-qc",
    reportNumber = "LIGO-P1800139",
    doi = "10.1103/PhysRevD.98.024050",
    journal = "Phys. Rev. D",
    volume = "98",
    number = "2",
    pages = "024050",
    year = "2018"
}
@article{Hooper:2011rb,
    author = "Hooper, Shaun and Chung, Shin Kee and Luan, Jing and Blair, David and Chen, Yanbei and Wen, Linqing",
    title = "{Summed Parallel Infinite Impulse Response (SPIIR) Filters For Low-Latency Gravitational Wave Detection}",
    eprint = "1108.3186",
    archivePrefix = "arXiv",
    primaryClass = "gr-qc",
    doi = "10.1103/PhysRevD.86.024012",
    journal = "Phys. Rev. D",
    volume = "86",
    pages = "024012",
    year = "2012"
}
@article{Allen:2005fk,
    author = "Allen, Bruce and Anderson, Warren G. and Brady, Patrick R. and Brown, Duncan A. and Creighton, Jolien D. E.",
    title = "{FINDCHIRP: An Algorithm for detection of gravitational waves from inspiraling compact binaries}",
    eprint = "gr-qc/0509116",
    archivePrefix = "arXiv",
    doi = "10.1103/PhysRevD.85.122006",
    journal = "Phys. Rev. D",
    volume = "85",
    pages = "122006",
    year = "2012"
}
@article{Harry:2017weg,
    author = "Harry, Ian and Calder\'on Bustillo, Juan and Nitz, Alex",
    title = "{Searching for the full symphony of black hole binary mergers}",
    eprint = "1709.09181",
    archivePrefix = "arXiv",
    primaryClass = "gr-qc",
    reportNumber = "LIGO-DOCUMENT-P1700262, LIGO Document P1700262",
    doi = "10.1103/PhysRevD.97.023004",
    journal = "Phys. Rev. D",
    volume = "97",
    number = "2",
    pages = "023004",
    year = "2018"
}
@article{Harry:2016ijz,
    author = "Harry, Ian and Privitera, Stephen and Boh\'e, Alejandro and Buonanno, Alessandra",
    title = "{Searching for Gravitational Waves from Compact Binaries with Precessing Spins}",
    eprint = "1603.02444",
    archivePrefix = "arXiv",
    primaryClass = "gr-qc",
    doi = "10.1103/PhysRevD.94.024012",
    journal = "Phys. Rev. D",
    volume = "94",
    number = "2",
    pages = "024012",
    year = "2016"
}
@article{Nitz:2019spj,
    author = "Nitz, Alexander H. and Lenon, Amber and Brown, Duncan A.",
    title = "{Search for Eccentric Binary Neutron Star Mergers in the first and second observing runs of Advanced LIGO}",
    eprint = "1912.05464",
    archivePrefix = "arXiv",
    primaryClass = "astro-ph.HE",
    doi = "10.3847/1538-4357/ab6611",
    journal = "Astrophys. J.",
    volume = "890",
    pages = "1",
    month = "12",
    year = "2019"
}
@article{Klimenko:2005xv,
    author = "Klimenko, S. and Mohanty, S. and Rakhmanov, Malik and Mitselmakher, Guenakh",
    title = "{Constraint likelihood analysis for a network of gravitational wave detectors}",
    eprint = "gr-qc/0508068",
    archivePrefix = "arXiv",
    doi = "10.1103/PhysRevD.72.122002",
    journal = "Phys. Rev. D",
    volume = "72",
    pages = "122002",
    year = "2005"
}
@article{Klimenko:2015ypf,
    author = "Klimenko, S. and others",
    title = "{Method for detection and reconstruction of gravitational wave transients with networks of advanced detectors}",
    eprint = "1511.05999",
    archivePrefix = "arXiv",
    primaryClass = "gr-qc",
    doi = "10.1103/PhysRevD.93.042004",
    journal = "Phys. Rev. D",
    volume = "93",
    number = "4",
    pages = "042004",
    year = "2016"
}
@article{Lynch:2015yin,
    author = "Lynch, Ryan and Vitale, Salvatore and Essick, Reed and Katsavounidis, Erik and Robinet, Florent",
    title = "{Information-theoretic approach to the gravitational-wave burst detection problem}",
    eprint = "1511.05955",
    archivePrefix = "arXiv",
    primaryClass = "gr-qc",
    doi = "10.1103/PhysRevD.95.104046",
    journal = "Phys. Rev. D",
    volume = "95",
    number = "10",
    pages = "104046",
    year = "2017"
}
@article{George:2016hay,
    author = "George, Daniel and Huerta, E. A.",
    title = "{Deep Neural Networks to Enable Real-time Multimessenger Astrophysics}",
    eprint = "1701.00008",
    archivePrefix = "arXiv",
    primaryClass = "astro-ph.IM",
    doi = "10.1103/PhysRevD.97.044039",
    journal = "Phys. Rev. D",
    volume = "97",
    number = "4",
    pages = "044039",
    year = "2018"
}
@article{George:2017pmj,
    author = "George, Daniel and Huerta, E. A.",
    title = "{Deep Learning for Real-time Gravitational Wave Detection and Parameter Estimation: Results with Advanced LIGO Data}",
    eprint = "1711.03121",
    archivePrefix = "arXiv",
    primaryClass = "gr-qc",
    doi = "10.1016/j.physletb.2017.12.053",
    journal = "Phys. Lett. B",
    volume = "778",
    pages = "64--70",
    year = "2018"
}
@article{Gabbard:2017lja,
    author = "Gabbard, Hunter and Williams, Michael and Hayes, Fergus and Messenger, Chris",
    title = "{Matching matched filtering with deep networks for gravitational-wave astronomy}",
    eprint = "1712.06041",
    archivePrefix = "arXiv",
    primaryClass = "astro-ph.IM",
    doi = "10.1103/PhysRevLett.120.141103",
    journal = "Phys. Rev. Lett.",
    volume = "120",
    number = "14",
    pages = "141103",
    year = "2018"
}
@article{Dreissigacker:2019edy,
    author = "Dreissigacker, Christoph and Sharma, Rahul and Messenger, Chris and Zhao, Ruining and Prix, Reinhard",
    title = "{Deep-Learning Continuous Gravitational Waves}",
    eprint = "1904.13291",
    archivePrefix = "arXiv",
    primaryClass = "gr-qc",
    doi = "10.1103/PhysRevD.100.044009",
    journal = "Phys. Rev. D",
    volume = "100",
    number = "4",
    pages = "044009",
    year = "2019"
}
@article{Krastev:2019koe,
    author = "Krastev, Plamen G.",
    title = "{Real-Time Detection of Gravitational Waves from Binary Neutron Stars using Artificial Neural Networks}",
    eprint = "1908.03151",
    archivePrefix = "arXiv",
    primaryClass = "astro-ph.IM",
    doi = "10.1016/j.physletb.2020.135330",
    journal = "Phys. Lett. B",
    volume = "803",
    pages = "135330",
    year = "2020"
}
@article{Schafer:2020kor,
    author = {Sch\"afer, Marlin B. and Ohme, Frank and Nitz, Alexander H.},
    title = "{Detection of gravitational-wave signals from binary neutron star mergers using machine learning}",
    eprint = "2006.01509",
    archivePrefix = "arXiv",
    primaryClass = "astro-ph.HE",
    doi = "10.1103/PhysRevD.102.063015",
    journal = "Phys. Rev. D",
    volume = "102",
    number = "6",
    pages = "063015",
    year = "2020"
}
@article{Cuoco:2020ogp,
    author = "Cuoco, Elena and others",
    title = "{Enhancing Gravitational-Wave Science with Machine Learning}",
    eprint = "2005.03745",
    archivePrefix = "arXiv",
    primaryClass = "astro-ph.HE",
    doi = "10.1088/2632-2153/abb93a",
    journal = "Mach. Learn. Sci. Tech.",
    volume = "2",
    number = "1",
    pages = "011002",
    year = "2021"
}
@inbook{Huerta:2021ybd,
    author = "Huerta, E. A. and Zhao, Zhizhen",
    title = "{Advances in Machine and Deep Learning for Modeling and Real-Time Detection of Multi-messenger Sources}",
    eprint = "2105.06479",
    archivePrefix = "arXiv",
    primaryClass = "astro-ph.IM",
    doi = "10.1007/978-981-15-4702-7_47-1",
    year = "2021"
}
@article{Xia:2020vem,
    author = "Xia, Heming and Shao, Lijing and Zhao, Junjie and Cao, Zhoujian",
    title = "{Improved deep learning techniques in gravitational-wave data analysis}",
    eprint = "2011.04418",
    archivePrefix = "arXiv",
    primaryClass = "astro-ph.HE",
    doi = "10.1103/PhysRevD.103.024040",
    journal = "Phys. Rev. D",
    volume = "103",
    number = "2",
    pages = "024040",
    year = "2021"
}
@article{Gebhard:2019ldz,
    author = {Gebhard, Timothy D. and Kilbertus, Niki and Harry, Ian and Sch\"olkopf, Bernhard},
    title = "{Convolutional neural networks: a magic bullet for gravitational-wave detection?}",
    eprint = "1904.08693",
    archivePrefix = "arXiv",
    primaryClass = "astro-ph.IM",
    doi = "10.1103/PhysRevD.100.063015",
    journal = "Phys. Rev. D",
    volume = "100",
    number = "6",
    pages = "063015",
    year = "2019"
}
@article{Chua:2019wwt,
    author = "Chua, Alvin J. K. and Vallisneri, Michele",
    title = "{Learning Bayesian posteriors with neural networks for gravitational-wave inference}",
    eprint = "1909.05966",
    archivePrefix = "arXiv",
    primaryClass = "gr-qc",
    doi = "10.1103/PhysRevLett.124.041102",
    journal = "Phys. Rev. Lett.",
    volume = "124",
    number = "4",
    pages = "041102",
    year = "2020"
}
@article{Gabbard:2019rde,
    author = "Gabbard, Hunter and Messenger, Chris and Heng, Ik Siong and Tonolini, Francesco and Murray-Smith, Roderick",
    title = "{Bayesian parameter estimation using conditional variational autoencoders for gravitational-wave astronomy}",
    eprint = "1909.06296",
    archivePrefix = "arXiv",
    primaryClass = "astro-ph.IM",
    doi = "10.1038/s41567-021-01425-7",
    journal = "Nature Phys.",
    volume = "18",
    number = "1",
    pages = "112--117",
    year = "2022"
}
@article{Green:2020hst,
    author = "Green, Stephen R. and Simpson, Christine and Gair, Jonathan",
    title = "{Gravitational-wave parameter estimation with autoregressive neural network flows}",
    eprint = "2002.07656",
    archivePrefix = "arXiv",
    primaryClass = "astro-ph.IM",
    reportNumber = "LIGO-P2000053",
    doi = "10.1103/PhysRevD.102.104057",
    journal = "Phys. Rev. D",
    volume = "102",
    number = "10",
    pages = "104057",
    year = "2020"
}
@article{Williams:2021qyt,
    author = "Williams, Michael J. and Veitch, John and Messenger, Chris",
    title = "{Nested sampling with normalizing flows for gravitational-wave inference}",
    eprint = "2102.11056",
    archivePrefix = "arXiv",
    primaryClass = "gr-qc",
    doi = "10.1103/PhysRevD.103.103006",
    journal = "Phys. Rev. D",
    volume = "103",
    number = "10",
    pages = "103006",
    year = "2021"
}
@article{Schmidt:2020yuu,
    author = "Schmidt, Stefano and Breschi, Matteo and Gamba, Rossella and Pagano, Giulia and Rettegno, Piero and Riemenschneider, Gunnar and Bernuzzi, Sebastiano and Nagar, Alessandro and Del Pozzo, Walter",
    title = "{Machine Learning Gravitational Waves from Binary Black Hole Mergers}",
    eprint = "2011.01958",
    archivePrefix = "arXiv",
    primaryClass = "gr-qc",
    doi = "10.1103/PhysRevD.103.043020",
    journal = "Phys. Rev. D",
    volume = "103",
    number = "4",
    pages = "043020",
    year = "2021"
}
@inproceedings{Bengio:2009aaa,
    author = {Bengio, Yoshua and Louradour, J\'{e}r\^{o}me and Collobert, Ronan and Weston, Jason},
    title = {Curriculum Learning},
    year = {2009},
    isbn = {9781605585161},
    publisher = {Association for Computing Machinery},
    address = {New York, NY, USA},
    url = {https://doi.org/10.1145/1553374.1553380},
    doi = {10.1145/1553374.1553380},
    booktitle = {Proceedings of the 26th Annual International Conference on Machine Learning},
    pages = {41–48},
    numpages = {8},
    location = {Montreal, Quebec, Canada},
    series = {ICML '09}
}
@misc{Abadi:2015aaa,
    title={ {TensorFlow}: Large-Scale Machine Learning on Heterogeneous Systems},
    url={https://www.tensorflow.org/},
    note={Software available from tensorflow.org},
    author={Mart\'{i}n~Abadi and Ashish~Agarwal and Paul~Barham and Eugene~Brevdo and Zhifeng~Chen and Craig~Citro and Greg~S.~Corrado and Andy~Davis and Jeffrey~Dean and Matthieu~Devin and Sanjay~Ghemawat and Ian~Goodfellow and Andrew~Harp and Geoffrey~Irving and Michael~Isard and Yangqing Jia and Rafal~Jozefowicz and Lukasz~Kaiser and Manjunath~Kudlur and Josh~Levenberg and Dandelion~Man\'{e} and Rajat~Monga and Sherry~Moore and Derek~Murray and Chris~Olah and Mike~Schuster and Jonathon~Shlens and Benoit~Steiner and Ilya~Sutskever and Kunal~Talwar and Paul~Tucker and Vincent~Vanhoucke and Vijay~Vasudevan and Fernanda~Vi\'{e}gas and Oriol~Vinyals and Pete~Warden and Martin~Wattenberg and Martin~Wicke and Yuan~Yu and Xiaoqiang~Zheng},
    year={2015},
}
@incollection{Paszke:2019aaa,
  title         = {PyTorch: An Imperative Style, High-Performance Deep Learning Library},
  author        = {Paszke, Adam and Gross, Sam and Massa, Francisco and Lerer, Adam and Bradbury, James and Chanan, Gregory and Killeen, Trevor and Lin, Zeming and Gimelshein, Natalia and Antiga, Luca and Desmaison, Alban and Kopf, Andreas and Yang, Edward and DeVito, Zachary and Raison, Martin and Tejani, Alykhan and Chilamkurthy, Sasank and Steiner, Benoit and Fang, Lu and Bai, Junjie and Chintala, Soumith},
  booktitle     = {Advances in Neural Information Processing Systems 32},
  editor        = {H. Wallach and H. Larochelle and A. Beygelzimer and F. d'Alch\'{e}-Buc and E. Fox and R. Garnett},
  pages         = {8024--8035},
  year          = {2019},
  publisher     = {Curran Associates, Inc.},
  url           = {http://papers.neurips.cc/paper/9015-pytorch-an-imperative-style-high-performance-deep-learning-library.pdf}
}
@misc{ml-training-strategies-github,
  author = {Sch{\"a}fer, Marlin B. and Zelenka, Ond\v{r}ej and Nitz, Alexander H. and Ohme, Frank and Br{\"u}gmann, Bernd},
  title = {Training Strategies for Deep Learning Gravitational-Wave Searches
},
  year = {2021},
  publisher = {GitHub},
  journal = {GitHub repository},
  howpublished = {\url{https://github.com/gwastro/ml-training-strategies}}
}
@article{Ioffe:2015aaa,
       author = {{Ioffe}, Sergey and {Szegedy}, Christian},
        title = "{Batch Normalization: Accelerating Deep Network Training by Reducing Internal Covariate Shift}",
      journal = {arXiv e-prints},
     keywords = {Computer Science - Machine Learning},
         year = {2015},
        month = {2},
          eid = {arXiv:1502.03167},
        pages = {arXiv:1502.03167},
archivePrefix = {arXiv},
       eprint = {1502.03167},
 primaryClass = {cs.LG},
       adsurl = {https://ui.adsabs.harvard.edu/abs/2015arXiv150203167I},
      adsnote = {Provided by the SAO/NASA Astrophysics Data System}
}
@article{LIGOScientific:2020lst,
    author = "Abbott, R. and others",
    collaboration = "LIGO Scientific, Virgo",
    title = "{Search for Gravitational Waves Associated with Gamma-Ray Bursts Detected by Fermi and Swift During the LIGO-Virgo Run O3a}",
    eprint = "2010.14550",
    archivePrefix = "arXiv",
    primaryClass = "astro-ph.HE",
    reportNumber = "LIGO-P2000040",
    doi = "10.3847/1538-4357/abee15",
    journal = "Astrophys. J.",
    volume = "915",
    number = "2",
    pages = "86",
    year = "2021"
}
@article{LIGOScientific:2015kgh,
    author = "Abbott, B. P. and others",
    collaboration = "LIGO Scientific, VIRGO",
    title = "{All-sky search for long-duration gravitational wave transients with initial LIGO}",
    eprint = "1511.04398",
    archivePrefix = "arXiv",
    primaryClass = "gr-qc",
    doi = "10.1103/PhysRevD.93.042005",
    journal = "Phys. Rev. D",
    volume = "93",
    number = "4",
    pages = "042005",
    year = "2016"
}
@article{LIGOScientific:2014pky,
    author = "Aasi, J. and others",
    collaboration = "LIGO Scientific",
    title = "{Advanced LIGO}",
    eprint = "1411.4547",
    archivePrefix = "arXiv",
    primaryClass = "gr-qc",
    doi = "10.1088/0264-9381/32/7/074001",
    journal = "Class. Quant. Grav.",
    volume = "32",
    pages = "074001",
    year = "2015"
}
@article{Devine:2016ovp,
    author = "Devine, Caleb and Etienne, Zachariah B. and McWilliams, Sean T.",
    title = "{Optimizing spinning time-domain gravitational waveforms for Advanced LIGO data analysis}",
    eprint = "1601.03393",
    archivePrefix = "arXiv",
    primaryClass = "astro-ph.HE",
    doi = "10.1088/0264-9381/33/12/125025",
    journal = "Class. Quant. Grav.",
    volume = "33",
    number = "12",
    pages = "125025",
    year = "2016"
}
@article{Bohe:2016gbl,
    author = "Boh\'e, Alejandro and others",
    title = "{Improved effective-one-body model of spinning, nonprecessing binary black holes for the era of gravitational-wave astrophysics with advanced detectors}",
    eprint = "1611.03703",
    archivePrefix = "arXiv",
    primaryClass = "gr-qc",
    reportNumber = "LIGO-P1600315",
    doi = "10.1103/PhysRevD.95.044028",
    journal = "Phys. Rev. D",
    volume = "95",
    number = "4",
    pages = "044028",
    year = "2017"
}
@article{Wei:2020sfz,
    author = "Wei, Wei and Huerta, E. A.",
    title = "{Deep learning for gravitational wave forecasting of neutron star mergers}",
    eprint = "2010.09751",
    archivePrefix = "arXiv",
    primaryClass = "gr-qc",
    doi = "10.1016/j.physletb.2021.136185",
    journal = "Phys. Lett. B",
    volume = "816",
    pages = "136185",
    year = "2021"
}
@article{Wei:2020ztw,
    author = "Wei, Wei and Khan, Asad and Huerta, E. A. and Huang, Xiaobo and Tian, Minyang",
    title = "{Deep Learning Ensemble for Real-time Gravitational Wave Detection of Spinning Binary Black Hole Mergers}",
    eprint = "2010.15845",
    archivePrefix = "arXiv",
    primaryClass = "gr-qc",
    doi = "10.1016/j.physletb.2020.136029",
    journal = "Phys. Lett. B",
    volume = "812",
    pages = "136029",
    year = "2021"
}
@misc{pycbc-github,
  author = {Nitz, Alexander H. and Harry, Ian W. and Willis, Joshua L. and
  Biwer, Christopher M. and Brown, Duncan A. and Pekowsky, Larne P. and Dal
  Canton, T. and Williamson, Andrew R. and Dent, Thomas and Capano, Collin D.
  and Massinger, Thomas J. and Lenon, Amber K. and Nielsen, Alex B. and Cabero,
  Miriam},
  title = {{PyCBC Software}},
  year = {2018},
  publisher = {GitHub},
  journal = {GitHub repository},
  howpublished = {\url{https://github.com/gwastro/pycbc}}
}
@article{LIGOScientific:2021djp,
    author = "Abbott, R. and others",
    collaboration = "LIGO Scientific, VIRGO, KAGRA",
    title = "{GWTC-3: Compact Binary Coalescences Observed by LIGO and Virgo During the Second Part of the Third Observing Run}",
    eprint = "2111.03606",
    archivePrefix = "arXiv",
    primaryClass = "gr-qc",
    reportNumber = "LIGO-P2000318",
    month = "11",
    year = "2021"
}
@article{LIGOScientific:2019lzm,
    author = "Abbott, Rich and others",
    collaboration = "LIGO Scientific, Virgo",
    title = "{Open data from the first and second observing runs of Advanced LIGO and Advanced Virgo}",
    eprint = "1912.11716",
    archivePrefix = "arXiv",
    primaryClass = "gr-qc",
    reportNumber = "LIGO-P1900206",
    doi = "10.1016/j.softx.2021.100658",
    journal = "SoftwareX",
    volume = "13",
    pages = "100658",
    year = "2021"
}
@article{Schutz:2011tw,
    author = "Schutz, Bernard F.",
    title = "{Networks of gravitational wave detectors and three figures of merit}",
    eprint = "1102.5421",
    archivePrefix = "arXiv",
    primaryClass = "astro-ph.IM",
    reportNumber = "AEI-2011-008",
    doi = "10.1088/0264-9381/28/12/125023",
    journal = "Class. Quant. Grav.",
    volume = "28",
    pages = "125023",
    year = "2011"
}
@article{Dreissigacker:2020xfr,
    author = "Dreissigacker, Christoph and Prix, Reinhard",
    title = "{Deep-Learning Continuous Gravitational Waves: Multiple detectors and realistic noise}",
    eprint = "2005.04140",
    archivePrefix = "arXiv",
    primaryClass = "gr-qc",
    doi = "10.1103/PhysRevD.102.022005",
    journal = "Phys. Rev. D",
    volume = "102",
    number = "2",
    pages = "022005",
    year = "2020"
}
@article{Yan:2021wml,
    author = "Yan, Jingkai and Avagyan, Mariam and Colgan, Robert E. and Veske, Do\u{g}a and Bartos, Imre and Wright, John and M\'arka, Zsuzsa and M\'arka, Szabolcs",
    title = "{Generalized approach to matched filtering using neural networks}",
    eprint = "2104.03961",
    archivePrefix = "arXiv",
    primaryClass = "astro-ph.IM",
    doi = "10.1103/PhysRevD.105.043006",
    journal = "Phys. Rev. D",
    volume = "105",
    number = "4",
    pages = "043006",
    year = "2022"
}
@article{Russakovsky:2015aaa,
    Author = {Olga Russakovsky and Jia Deng and Hao Su and Jonathan Krause and Sanjeev Satheesh and Sean Ma and Zhiheng Huang and Andrej Karpathy and Aditya Khosla and Michael Bernstein and Alexander C. Berg and Li Fei-Fei},
    Title = {{ImageNet Large Scale Visual Recognition Challenge}},
    Year = {2015},
    journal   = {International Journal of Computer Vision (IJCV)},
    doi = {10.1007/s11263-015-0816-y},
    volume={115},
    number={3},
    pages={211-252}
}
@misc{Lin:2017aaa,
  doi = {10.48550/ARXIV.1708.02002},
  url = {https://arxiv.org/abs/1708.02002},
  author = {Lin, Tsung-Yi and Goyal, Priya and Girshick, Ross and He, Kaiming and Dollár, Piotr},
  keywords = {Computer Vision and Pattern Recognition (cs.CV), FOS: Computer and information sciences, FOS: Computer and information sciences},
  title = {Focal Loss for Dense Object Detection},
  publisher = {arXiv},
  year = {2017},
  copyright = {arXiv.org perpetual, non-exclusive license}
}
@InProceedings{Qiao:2021aaa,
    author    = {Qiao, Siyuan and Chen, Liang-Chieh and Yuille, Alan},
    title     = {DetectoRS: Detecting Objects With Recursive Feature Pyramid and Switchable Atrous Convolution},
    booktitle = {Proceedings of the IEEE/CVF Conference on Computer Vision and Pattern Recognition (CVPR)},
    month     = {June},
    year      = {2021},
    pages     = {10213-10224}
}
@misc{Szegedy:2016aaa,
  doi = {10.48550/ARXIV.1602.07261},
  url = {https://arxiv.org/abs/1602.07261},
  author = {Szegedy, Christian and Ioffe, Sergey and Vanhoucke, Vincent and Alemi, Alex},
  keywords = {Computer Vision and Pattern Recognition (cs.CV), FOS: Computer and information sciences, FOS: Computer and information sciences},
  title = {Inception-v4, Inception-ResNet and the Impact of Residual Connections on Learning},
  publisher = {arXiv},
  year = {2016},
  copyright = {arXiv.org perpetual, non-exclusive license}
}
@article{Einstein:1916aaa,
    author = {Einstein, A.},
    title = "{N{\"a}herungsweise Integration der Feldgleichungen der Gravitation}",
    journal = {Sitzungsberichte der K{\"o}niglich Preu{\ss}ischen Akademie der Wissenschaften (Berlin)},
    year = {1916},
    month = {1},
    pages = {688-696},
    adsurl = {https://ui.adsabs.harvard.edu/abs/1916SPAW.......688E},
    adsnote = {Provided by the SAO/NASA Astrophysics Data System}
}
@article{Einstein:1916aab,
    author = {Einstein, A.},
    title = {Die Grundlage der allgemeinen Relativitätstheorie},
    journal = {Annalen der Physik},
    volume = {354},
    number = {7},
    pages = {769-822},
    doi = {https://doi.org/10.1002/andp.19163540702},
    url = {https://onlinelibrary.wiley.com/doi/abs/10.1002/andp.19163540702},
    eprint = {https://onlinelibrary.wiley.com/doi/pdf/10.1002/andp.19163540702},
    year = {1916}
}
@article{Nitz:2021zwj,
    author = {Nitz, Alexander H. and Kumar, Sumit and Wang, Yi-Fan and Kastha, Shilpa and Wu, Shichao and Sch\"afer, Marlin and Dhurkunde, Rahul and Capano, Collin D.},
    title = "{4-OGC: Catalog of gravitational waves from compact-binary mergers}",
    eprint = "2112.06878",
    archivePrefix = "arXiv",
    primaryClass = "astro-ph.HE",
    month = "12",
    year = "2021"
}
@article{VIRGO:2014yos,
    author = "Acernese, F. and others",
    collaboration = "VIRGO",
    title = "{Advanced Virgo: a second-generation interferometric gravitational wave detector}",
    eprint = "1408.3978",
    archivePrefix = "arXiv",
    primaryClass = "gr-qc",
    doi = "10.1088/0264-9381/32/2/024001",
    journal = "Class. Quant. Grav.",
    volume = "32",
    number = "2",
    pages = "024001",
    year = "2015"
}
@article{KAGRA:2018plz,
    author = "Akutsu, T. and others",
    collaboration = "KAGRA",
    title = "{KAGRA: 2.5 Generation Interferometric Gravitational Wave Detector}",
    eprint = "1811.08079",
    archivePrefix = "arXiv",
    primaryClass = "gr-qc",
    reportNumber = "JGW-P1809243",
    doi = "10.1038/s41550-018-0658-y",
    journal = "Nature Astron.",
    volume = "3",
    number = "1",
    pages = "35--40",
    year = "2019"
}
@article{LIGOScientific:2018mvr,
    author = "Abbott, B. P. and others",
    collaboration = "LIGO Scientific, Virgo",
    title = "{GWTC-1: A Gravitational-Wave Transient Catalog of Compact Binary Mergers Observed by LIGO and Virgo during the First and Second Observing Runs}",
    eprint = "1811.12907",
    archivePrefix = "arXiv",
    primaryClass = "astro-ph.HE",
    reportNumber = "LIGO-P1800307",
    doi = "10.1103/PhysRevX.9.031040",
    journal = "Phys. Rev. X",
    volume = "9",
    number = "3",
    pages = "031040",
    year = "2019"
}
@article{LIGOScientific:2021qlt,
    author = "Abbott, R. and others",
    collaboration = "LIGO Scientific, KAGRA, VIRGO",
    title = "{Observation of Gravitational Waves from Two Neutron Star\textendash{}Black Hole Coalescences}",
    eprint = "2106.15163",
    archivePrefix = "arXiv",
    primaryClass = "astro-ph.HE",
    reportNumber = "LIGO Document P2000357",
    doi = "10.3847/2041-8213/ac082e",
    journal = "Astrophys. J. Lett.",
    volume = "915",
    number = "1",
    pages = "L5",
    year = "2021"
}
@article{Messick:2016aqy,
    author = "Messick, Cody and others",
    title = "{Analysis Framework for the Prompt Discovery of Compact Binary Mergers in Gravitational-wave Data}",
    eprint = "1604.04324",
    archivePrefix = "arXiv",
    primaryClass = "astro-ph.IM",
    doi = "10.1103/PhysRevD.95.042001",
    journal = "Phys. Rev. D",
    volume = "95",
    number = "4",
    pages = "042001",
    year = "2017"
}
@article{DalCanton:2020vpm,
    author = "Dal Canton, Tito and Nitz, Alexander H. and Gadre, Bhooshan and Cabourn Davies, Gareth S. and Villa-Ortega, Veronica and Dent, Thomas and Harry, Ian and Xiao, Liting",
    title = "{Real-time Search for Compact Binary Mergers in Advanced LIGO and Virgo's Third Observing Run Using PyCBC Live}",
    eprint = "2008.07494",
    archivePrefix = "arXiv",
    primaryClass = "astro-ph.HE",
    doi = "10.3847/1538-4357/ac2f9a",
    journal = "Astrophys. J.",
    volume = "923",
    number = "2",
    pages = "254",
    year = "2021"
}
@article{Nuttall:2015dqa,
    author = "Nuttall, L. and others",
    title = "{Improving the Data Quality of Advanced LIGO Based on Early Engineering Run Results}",
    eprint = "1508.07316",
    archivePrefix = "arXiv",
    primaryClass = "gr-qc",
    doi = "10.1088/0264-9381/32/24/245005",
    journal = "Class. Quant. Grav.",
    volume = "32",
    number = "24",
    pages = "245005",
    year = "2015"
}
@article{LIGOScientific:2016emj,
    author = "Abbott, B. P. and others",
    collaboration = "LIGO Scientific, Virgo",
    title = "{GW150914: The Advanced LIGO Detectors in the Era of First Discoveries}",
    eprint = "1602.03838",
    archivePrefix = "arXiv",
    primaryClass = "gr-qc",
    reportNumber = "LIGO-P1500237",
    doi = "10.1103/PhysRevLett.116.131103",
    journal = "Phys. Rev. Lett.",
    volume = "116",
    number = "13",
    pages = "131103",
    year = "2016"
}
@article{LIGOScientific:2019hgc,
    author = "Abbott, Benjamin P and others",
    collaboration = "LIGO Scientific, Virgo",
    title = "{A guide to LIGO\textendash{}Virgo detector noise and extraction of transient gravitational-wave signals}",
    eprint = "1908.11170",
    archivePrefix = "arXiv",
    primaryClass = "gr-qc",
    doi = "10.1088/1361-6382/ab685e",
    journal = "Class. Quant. Grav.",
    volume = "37",
    number = "5",
    pages = "055002",
    year = "2020"
}
@article{Usman:2015kfa,
    author = "Usman, Samantha A. and others",
    title = "{The PyCBC search for gravitational waves from compact binary coalescence}",
    eprint = "1508.02357",
    archivePrefix = "arXiv",
    primaryClass = "gr-qc",
    reportNumber = "LIGO-P1500086",
    doi = "10.1088/0264-9381/33/21/215004",
    journal = "Class. Quant. Grav.",
    volume = "33",
    number = "21",
    pages = "215004",
    year = "2016"
}
@article{Krastev:2020skk,
    author = "Krastev, Plamen G. and Gill, Kiranjyot and Villar, V. Ashley and Berger, Edo",
    title = "{Detection and Parameter Estimation of Gravitational Waves from Binary Neutron-Star Mergers in Real LIGO Data using Deep Learning}",
    eprint = "2012.13101",
    archivePrefix = "arXiv",
    primaryClass = "astro-ph.IM",
    doi = "10.1016/j.physletb.2021.136161",
    journal = "Phys. Lett. B",
    volume = "815",
    pages = "136161",
    year = "2021"
}
@article{Wei:2020xrl,
    author = "Wei, Wei and Huerta, E. A. and Yun, Mengshen and Loutrel, Nicholas and Shaikh, Md Arif and Kumar, Prayush and Haas, Roland and Kindratenko, Volodymyr",
    title = "{Deep Learning with Quantized Neural Networks for Gravitational-wave Forecasting of Eccentric Compact Binary Coalescence}",
    eprint = "2012.03963",
    archivePrefix = "arXiv",
    primaryClass = "gr-qc",
    doi = "10.3847/1538-4357/ac1121",
    journal = "Astrophys. J.",
    volume = "919",
    number = "2",
    pages = "82",
    year = "2021"
}
@article{Huerta:2020xyq,
    author = "Huerta, E. A. and others",
    title = "{Accelerated, scalable and reproducible AI-driven gravitational wave detection}",
    eprint = "2012.08545",
    archivePrefix = "arXiv",
    primaryClass = "gr-qc",
    doi = "10.1038/s41550-021-01405-0",
    journal = "Nature Astron.",
    volume = "5",
    number = "10",
    pages = "1062--1068",
    year = "2021"
}
@article{Lenon:2021zac,
    author = "Lenon, Amber K. and Brown, Duncan A. and Nitz, Alexander H.",
    title = "{Eccentric binary neutron star search prospects for Cosmic Explorer}",
    eprint = "2103.14088",
    archivePrefix = "arXiv",
    primaryClass = "astro-ph.HE",
    doi = "10.1103/PhysRevD.104.063011",
    journal = "Phys. Rev. D",
    volume = "104",
    number = "6",
    pages = "063011",
    year = "2021"
}
@article{Nitz:2021mzz,
    author = "Nitz, Alexander H. and Wang, Yi-Fan",
    title = "{Search for gravitational waves from the coalescence of sub-solar mass and eccentric compact binaries}",
    eprint = "2102.00868",
    archivePrefix = "arXiv",
    primaryClass = "astro-ph.HE",
    doi = "10.3847/1538-4357/ac01d9",
    month = "2",
    year = "2021"
}
@article{Nitz:2021vqh,
    author = "Nitz, Alexander H. and Wang, Yi-Fan",
    title = "{Search for Gravitational Waves from the Coalescence of Subsolar-Mass Binaries in the First Half of Advanced LIGO and Virgo\textquoteright{}s Third Observing Run}",
    eprint = "2106.08979",
    archivePrefix = "arXiv",
    primaryClass = "astro-ph.HE",
    doi = "10.1103/PhysRevLett.127.151101",
    journal = "Phys. Rev. Lett.",
    volume = "127",
    number = "15",
    pages = "151101",
    year = "2021"
}
@article{Zevin:2016qwy,
    author = "Zevin, Michael and others",
    title = "{Gravity Spy: Integrating Advanced LIGO Detector Characterization, Machine Learning, and Citizen Science}",
    eprint = "1611.04596",
    archivePrefix = "arXiv",
    primaryClass = "gr-qc",
    reportNumber = "LIGO-P1600303",
    doi = "10.1088/1361-6382/aa5cea",
    journal = "Class. Quant. Grav.",
    volume = "34",
    number = "6",
    pages = "064003",
    year = "2017"
}
@article{Essick:2020qpo,
    author = "Essick, Reed and Godwin, Patrick and Hanna, Chad and Blackburn, Lindy and Katsavounidis, Erik",
    title = "{iDQ: Statistical Inference of Non-Gaussian Noise with Auxiliary Degrees of Freedom in Gravitational-Wave Detectors}",
    eprint = "2005.12761",
    archivePrefix = "arXiv",
    primaryClass = "astro-ph.IM",
    month = "5",
    year = "2020"
}
@article{Schafer:2021fea,
    author = {Sch\"afer, Marlin B. and Zelenka, Ond\v{r}ej and Nitz, Alexander H. and Ohme, Frank and Br\"ugmann, Bernd},
    title = "{Training strategies for deep learning gravitational-wave searches}",
    eprint = "2106.03741",
    archivePrefix = "arXiv",
    primaryClass = "astro-ph.IM",
    doi = "10.1103/PhysRevD.105.043002",
    journal = "Phys. Rev. D",
    volume = "105",
    number = "4",
    pages = "043002",
    year = "2022"
}
@software{pycbc_version,
  author = {Alex Nitz and Ian Harry and Duncan Brown and Christopher M. Biwer and Josh Willis and Tito Dal Canton and Collin Capano and Larne Pekowsky and Thomas Dent and Andrew R. Williamson and Gareth S Davies and Soumi De and Miriam Cabero and Bernd Machenschalk and Prayush Kumar and Steven Reyes and Duncan Macleod and dfinstad and Francesco Pannarale and Thomas Massinger and Sumit Kumar and Márton Tápai and Leo Singer and Sebastian Khan and Stephen Fairhurst and Alex Nielsen and Shashwat Singh and shasvath and Bhooshan Uday Varsha Gadre},
  title        = {gwastro/pycbc: 1.18.0 release of PyCBC},
  month        = {2},
  year         = {2021},
  publisher    = {Zenodo},
  version      = {v1.18.0},
  doi          = {10.5281/zenodo.4556907},
  url          = {https://doi.org/10.5281/zenodo.4556907}
}
@article{Nitz:2017svb,
    author = "Nitz, Alexander H. and Dent, Thomas and Dal Canton, Tito and Fairhurst, Stephen and Brown, Duncan A.",
    title = "{Detecting binary compact-object mergers with gravitational waves: Understanding and Improving the sensitivity of the PyCBC search}",
    eprint = "1705.01513",
    archivePrefix = "arXiv",
    primaryClass = "gr-qc",
    reportNumber = "LIGO-P1700088-V4",
    doi = "10.3847/1538-4357/aa8f50",
    journal = "Astrophys. J.",
    volume = "849",
    number = "2",
    pages = "118",
    year = "2017"
}
@misc{lalsuite,
       author         = {LIGO Scientific Collaboration},
       title          = {{LIGO} {A}lgorithm {L}ibrary - {LALS}uite},
       howpublished   = {free software (GPL)},
       doi            = {10.7935/GT1W-FZ16},
       year           = {2018}
}
@misc{Chollet:2015aaa,
  title={Keras},
  author={Chollet, Fran\c{c}ois and others},
  year={2015},
  howpublished={\url{https://keras.io}},
}
@article{Husa:2015iqa,
    author = {Husa, Sascha and Khan, Sebastian and Hannam, Mark and P\"urrer, Michael and Ohme, Frank and Jim\'enez Forteza, Xisco and Boh\'e, Alejandro},
    title = "{Frequency-domain gravitational waves from nonprecessing black-hole binaries. I. New numerical waveforms and anatomy of the signal}",
    eprint = "1508.07250",
    archivePrefix = "arXiv",
    primaryClass = "gr-qc",
    doi = "10.1103/PhysRevD.93.044006",
    journal = "Phys. Rev. D",
    volume = "93",
    number = "4",
    pages = "044006",
    year = "2016"
}
@article{Khan:2015jqa,
    author = {Khan, Sebastian and Husa, Sascha and Hannam, Mark and Ohme, Frank and P\"urrer, Michael and Jim\'enez Forteza, Xisco and Boh\'e, Alejandro},
    title = "{Frequency-domain gravitational waves from nonprecessing black-hole binaries. II. A phenomenological model for the advanced detector era}",
    eprint = "1508.07253",
    archivePrefix = "arXiv",
    primaryClass = "gr-qc",
    doi = "10.1103/PhysRevD.93.044007",
    journal = "Phys. Rev. D",
    volume = "93",
    number = "4",
    pages = "044007",
    year = "2016"
}
@article{Kramer:1991aaa,
    author = {Kramer, Mark A.},
    title = {Nonlinear principal component analysis using autoassociative neural networks},
    journal = {AIChE Journal},
    volume = {37},
    number = {2},
    pages = {233-243},
    doi = {https://doi.org/10.1002/aic.690370209},
    url = {https://aiche.onlinelibrary.wiley.com/doi/abs/10.1002/aic.690370209},
    eprint = {https://aiche.onlinelibrary.wiley.com/doi/pdf/10.1002/aic.690370209},
    year = {1991}
}
@article{Shen:2019ohi,
    author = "Shen, Hongyu and George, Daniel and Huerta, E. A. and Zhao, Zhizhen",
    title = "{Denoising Gravitational Waves with Enhanced Deep Recurrent Denoising Auto-Encoders}",
    eprint = "1903.03105",
    archivePrefix = "arXiv",
    primaryClass = "astro-ph.CO",
    doi = "10.1109/ICASSP.2019.8683061",
    month = "3",
    year = "2019"
}
@article{Weiss:2016aaa,
    author={Weiss, Karl and Khoshgoftaar, Taghi M. and Wang, DingDing},
    title={A survey of transfer learning},
    journal={Journal of Big Data},
    year={2016},
    month={May},
    day={28},
    volume={3},
    number={1},
    pages={9},
    issn={2196-1115},
    doi={10.1186/s40537-016-0043-6},
    url={https://doi.org/10.1186/s40537-016-0043-6}
}
@article{George:2018awu,
    author = "George, Daniel and Shen, Hongyu and Huerta, E. A.",
    title = "{Classification and unsupervised clustering of LIGO data with Deep Transfer Learning}",
    doi = "10.1103/PhysRevD.97.101501",
    journal = "Phys. Rev. D",
    volume = "97",
    number = "10",
    pages = "101501",
    year = "2018"
}
@article{Mesuga:2021qeq,
    author = "Mesuga, Reymond and Bayanay, Brian James",
    title = "{A Deep Transfer Learning Approach on Identifying Glitch Wave-form in Gravitational Wave Data}",
    eprint = "2107.01863",
    archivePrefix = "arXiv",
    primaryClass = "gr-qc",
    month = "7",
    year = "2021"
}
@InProceedings{Tan:2018aaa,
    author={Tan, Chuanqi and Sun, Fuchun and Kong, Tao and Zhang, Wenchang and Yang, Chao and Liu, Chunfang},
    editor={K{\r{u}}rkov{\'a}, V{\v{e}}ra and Manolopoulos, Yannis and Hammer, Barbara and Iliadis, Lazaros and Maglogiannis, Ilias},
    title={A Survey on Deep Transfer Learning},
    booktitle={Artificial Neural Networks and Machine Learning -- ICANN 2018},
    year={2018},
    publisher={Springer International Publishing},
    address={Cham},
    pages={270--279},
    isbn={978-3-030-01424-7},
    doi = {10.1007/978-3-030-01424-7_27}
}
@article{Davies:2020tsx,
    author = "Davies, Gareth S. and Dent, Thomas and T\'apai, M\'arton and Harry, Ian and McIsaac, Connor and Nitz, Alexander H.",
    title = "{Extending the PyCBC search for gravitational waves from compact binary mergers to a global network}",
    eprint = "2002.08291",
    archivePrefix = "arXiv",
    primaryClass = "astro-ph.HE",
    doi = "10.1103/PhysRevD.102.022004",
    journal = "Phys. Rev. D",
    volume = "102",
    number = "2",
    pages = "022004",
    year = "2020"
}
@book{Misner:1973aaa,
    author={Charles W. Misner and Kip S. Thorne and John Archibald Wheeler},
    title={Gravitation},
    year={2017},
    publisher={Princeton University Press},
    isbn={978-0-691-17779-3}
}
@book{Maggiore:2008aaa,
    author={Michelle Maggiore},
    title={Gravitational Waves Volume 1: Theory and Experiments},
    year={2016},
    publisher={Oxford University Press},
    isbn={978-0-19-857074-5}
}
@inproceedings{Wei:2021aaa,
 author = {Wei, Fangyun and Gao, Yue and Wu, Zhirong and Hu, Han and Lin, Stephen},
 booktitle = {Advances in Neural Information Processing Systems},
 editor = {M. Ranzato and A. Beygelzimer and Y. Dauphin and P.S. Liang and J. Wortman Vaughan},
 pages = {22682--22694},
 publisher = {Curran Associates, Inc.},
 title = {Aligning Pretraining for Detection via Object-Level Contrastive Learning},
 url = {https://proceedings.neurips.cc/paper/2021/file/bf5cd8b2509011b9502a72296edc14a0-Paper.pdf},
 volume = {34},
 year = {2021},
 eprint = "2106.02637",
 archivePrefix = "arXiv"
}
@online{Fei-Fei:2022aaa,
    url={https://image-net.org/about.php},
    urldate={2022-07-22},
    year={2022},
    author={Li Fei-Fei and Jia Deng and Olga Russakovsky and Alex Berg and Kai Li},
    title={ImageNet Website}
}
@article{Uijlings:2013aaa,
    author = {Uijlings, J. R. R. and van de Sande, K. E. A. and Gevers, T. and Smeulders, A. W. M.},
    year={2013},
    month={9},
    day={1},
    doi = {10.1007/s11263-013-0620-5},
    journal = {International Journal of Computer Vision},
    number = {2},
    pages = {154--171},
    title = {Selective Search for Object Recognition},
    url = {https://doi.org/10.1007/s11263-013-0620-5},
    volume = {104}
}
@book{Wald:1984aaa,
    author={Robert M. Wald},
    title={General Relativity},
    year={1984},
    publisher={The University of Chicago Press},
    isbn={0-226-87033-2}
}
@article{Blanchet:1985sp,
    author = "Blanchet, Luc and Damour, Thibault",
    title = "{Radiative gravitational fields in general relativity I. general structure of the field outside the source}",
    doi = "10.1098/rsta.1986.0125",
    journal = "Phil. Trans. Roy. Soc. Lond. A",
    volume = "320",
    pages = "379--430",
    year = "1986"
}

@article{Blanchet:2006aaa,
    author = {Blanchet, Luc},
    date = {2006/12/01},
    doi = {10.12942/lrr-2006-4},
    id = {Blanchet2006},
    isbn = {1433-8351},
    journal = {Living Reviews in Relativity},
    number = {1},
    pages = {4},
    title = {Gravitational Radiation from Post-Newtonian Sources and Inspiralling Compact Binaries},
    url = {https://doi.org/10.12942/lrr-2006-4},
    volume = {9},
    year = {2006},
}
@article{Ajith:2009bn,
    author = "Ajith, P. and others",
    title = "{Inspiral-merger-ringdown waveforms for black-hole binaries with non-precessing spins}",
    eprint = "0909.2867",
    archivePrefix = "arXiv",
    primaryClass = "gr-qc",
    doi = "10.1103/PhysRevLett.106.241101",
    journal = "Phys. Rev. Lett.",
    volume = "106",
    pages = "241101",
    year = "2011"
}
@article{Santamaria:2010yb,
    author = "Santamaria, L. and others",
    title = "{Matching post-Newtonian and numerical relativity waveforms: systematic errors and a new phenomenological model for non-precessing black hole binaries}",
    eprint = "1005.3306",
    archivePrefix = "arXiv",
    primaryClass = "gr-qc",
    reportNumber = "LIGO-P1000048, AEI-2010-122",
    doi = "10.1103/PhysRevD.82.064016",
    journal = "Phys. Rev. D",
    volume = "82",
    pages = "064016",
    year = "2010"
}
@article{Krishnendu:2021fga,
    author = "Krishnendu, N. V. and Ohme, Frank",
    title = "{Testing General Relativity with Gravitational Waves: An Overview}",
    eprint = "2201.05418",
    archivePrefix = "arXiv",
    primaryClass = "gr-qc",
    doi = "10.3390/universe7120497",
    journal = "Universe",
    volume = "7",
    number = "12",
    pages = "497",
    year = "2021"
}
@article{Krishnendu:2021cyi,
    author = "Krishnendu, N. V. and Ohme, Frank",
    title = "{Interplay of spin-precession and higher harmonics in the parameter estimation of binary black holes}",
    eprint = "2110.00766",
    archivePrefix = "arXiv",
    primaryClass = "gr-qc",
    doi = "10.1103/PhysRevD.105.064012",
    journal = "Phys. Rev. D",
    volume = "105",
    number = "6",
    pages = "064012",
    year = "2022"
}
@article{Setyawati:2019xzw,
    author = {Setyawati, Yoshinta and P\"urrer, Michael and Ohme, Frank},
    title = "{Regression methods in waveform modeling: a comparative study}",
    eprint = "1909.10986",
    archivePrefix = "arXiv",
    primaryClass = "astro-ph.IM",
    doi = "10.1088/1361-6382/ab693b",
    journal = "Class. Quant. Grav.",
    volume = "37",
    number = "7",
    pages = "075012",
    year = "2020"
}
@article{Khan:2020fso,
    author = "Khan, Sebastian and Green, Rhys",
    title = "{Gravitational-wave surrogate models powered by artificial neural networks}",
    eprint = "2008.12932",
    archivePrefix = "arXiv",
    primaryClass = "gr-qc",
    doi = "10.1103/PhysRevD.103.064015",
    journal = "Phys. Rev. D",
    volume = "103",
    number = "6",
    pages = "064015",
    year = "2021"
}
@article{Khan:2019kot,
    author = "Khan, Sebastian and Ohme, Frank and Chatziioannou, Katerina and Hannam, Mark",
    title = "{Including higher order multipoles in gravitational-wave models for precessing binary black holes}",
    eprint = "1911.06050",
    archivePrefix = "arXiv",
    primaryClass = "gr-qc",
    doi = "10.1103/PhysRevD.101.024056",
    journal = "Phys. Rev. D",
    volume = "101",
    number = "2",
    pages = "024056",
    year = "2020"
}
@article{Dietrich:2019kaq,
    author = "Dietrich, Tim and Samajdar, Anuradha and Khan, Sebastian and Johnson-McDaniel, Nathan K. and Dudi, Reetika and Tichy, Wolfgang",
    title = "{Improving the NRTidal model for binary neutron star systems}",
    eprint = "1905.06011",
    archivePrefix = "arXiv",
    primaryClass = "gr-qc",
    doi = "10.1103/PhysRevD.100.044003",
    journal = "Phys. Rev. D",
    volume = "100",
    number = "4",
    pages = "044003",
    year = "2019"
}
@article{LIGOScientific:2019kan,
    author = "Abbott, B. P. and others",
    collaboration = "LIGO Scientific, Virgo",
    title = "{Search for Subsolar Mass Ultracompact Binaries in Advanced LIGO\textquoteright{}s Second Observing Run}",
    eprint = "1904.08976",
    archivePrefix = "arXiv",
    primaryClass = "astro-ph.CO",
    reportNumber = "LIGO-P1900037",
    doi = "10.1103/PhysRevLett.123.161102",
    journal = "Phys. Rev. Lett.",
    volume = "123",
    number = "16",
    pages = "161102",
    year = "2019"
}
@article{Nitz:2022ltl,
    author = "Nitz, Alexander H. and Wang, Yi-Fan",
    title = "{Broad search for gravitational waves from subsolar-mass binaries through LIGO and Virgo\textquoteright{}s third observing run}",
    eprint = "2202.11024",
    archivePrefix = "arXiv",
    primaryClass = "astro-ph.HE",
    doi = "10.1103/PhysRevD.106.023024",
    journal = "Phys. Rev. D",
    volume = "106",
    number = "2",
    pages = "023024",
    year = "2022"
}
@article{Capano:2021etf,
    author = "Capano, Collin D. and Cabero, Miriam and Westerweck, Julian and Abedi, Jahed and Kastha, Shilpa and Nitz, Alexander H. and Nielsen, Alex B. and Krishnan, Badri",
    title = "{Observation of a multimode quasi-normal spectrum from a perturbed black hole}",
    eprint = "2105.05238",
    archivePrefix = "arXiv",
    primaryClass = "gr-qc",
    month = "5",
    year = "2021"
}
@article{Nitz:2020mga,
    author = "Nitz, Alexander H. and Capano, Collin D.",
    title = "{GW190521 may be an intermediate mass ratio inspiral}",
    eprint = "2010.12558",
    archivePrefix = "arXiv",
    primaryClass = "astro-ph.HE",
    doi = "10.3847/2041-8213/abccc5",
    journal = "Astrophys. J. Lett.",
    volume = "907",
    number = "1",
    pages = "L9",
    year = "2021"
}
@article{LIGOScientific:2020iuh,
    author = "Abbott, R. and others",
    collaboration = "LIGO Scientific, Virgo",
    title = "{GW190521: A Binary Black Hole Merger with a Total Mass of $150  M_{\odot}$}",
    eprint = "2009.01075",
    archivePrefix = "arXiv",
    primaryClass = "gr-qc",
    doi = "10.1103/PhysRevLett.125.101102",
    journal = "Phys. Rev. Lett.",
    volume = "125",
    number = "10",
    pages = "101102",
    year = "2020"
}
@article{Nitz:2020bdb,
    author = "Nitz, Alexander Harvey and Wang, Yi-Fan",
    title = "{Search for Gravitational Waves from High-Mass-Ratio Compact-Binary Mergers of Stellar Mass and Subsolar Mass Black Holes}",
    eprint = "2007.03583",
    archivePrefix = "arXiv",
    primaryClass = "astro-ph.HE",
    doi = "10.1103/PhysRevLett.126.021103",
    journal = "Phys. Rev. Lett.",
    volume = "126",
    number = "2",
    pages = "021103",
    year = "2021"
}
@article{Blanchet:1996pi,
    author = "Blanchet, Luc and Iyer, Bala R. and Will, Clifford M. and Wiseman, Alan G.",
    title = "{Gravitational wave forms from inspiralling compact binaries to second postNewtonian order}",
    eprint = "gr-qc/9602024",
    archivePrefix = "arXiv",
    doi = "10.1088/0264-9381/13/4/002",
    journal = "Class. Quant. Grav.",
    volume = "13",
    pages = "575--584",
    year = "1996"
}
@article{Arun:2004ff,
    author = "Arun, K. G. and Blanchet, Luc and Iyer, Bala R. and Qusailah, Moh'd S. S.",
    title = "{The 2.5PN gravitational wave polarisations from inspiralling compact binaries in circular orbits}",
    eprint = "gr-qc/0404085",
    archivePrefix = "arXiv",
    doi = "10.1088/0264-9381/21/15/010",
    journal = "Class. Quant. Grav.",
    volume = "21",
    pages = "3771--3802",
    year = "2004",
    note = "[Erratum: Class.Quant.Grav. 22, 3115 (2005)]"
}
@article{Faye:2006gx,
    author = "Faye, Guillaume and Blanchet, Luc and Buonanno, Alessandra",
    title = "{Higher-order spin effects in the dynamics of compact binaries. I. Equations of motion}",
    eprint = "gr-qc/0605139",
    archivePrefix = "arXiv",
    doi = "10.1103/PhysRevD.74.104033",
    journal = "Phys. Rev. D",
    volume = "74",
    pages = "104033",
    year = "2006"
}
@article{Blanchet:2006gy,
    author = "Blanchet, Luc and Buonanno, Alessandra and Faye, Guillaume",
    title = "{Higher-order spin effects in the dynamics of compact binaries. II. Radiation field}",
    eprint = "gr-qc/0605140",
    archivePrefix = "arXiv",
    reportNumber = "APC-06-25",
    doi = "10.1103/PhysRevD.81.089901",
    journal = "Phys. Rev. D",
    volume = "74",
    pages = "104034",
    year = "2006",
    note = "[Erratum: Phys.Rev.D 75, 049903 (2007), Erratum: Phys.Rev.D 81, 089901 (2010)]"
}
@article{Damour:2007nc,
    author = "Damour, Thibault and Jaranowski, Piotr and Schaefer, Gerhard",
    title = "{Hamiltonian of two spinning compact bodies with next-to-leading order gravitational spin-orbit coupling}",
    eprint = "0711.1048",
    archivePrefix = "arXiv",
    primaryClass = "gr-qc",
    doi = "10.1103/PhysRevD.77.064032",
    journal = "Phys. Rev. D",
    volume = "77",
    pages = "064032",
    year = "2008"
}
@article{Blanchet:2004ek,
    author = "Blanchet, Luc and Damour, Thibault and Esposito-Farese, Gilles and Iyer, Bala R.",
    title = "{Gravitational radiation from inspiralling compact binaries completed at the third post-Newtonian order}",
    eprint = "gr-qc/0406012",
    archivePrefix = "arXiv",
    doi = "10.1103/PhysRevLett.93.091101",
    journal = "Phys. Rev. Lett.",
    volume = "93",
    pages = "091101",
    year = "2004"
}
@article{Damour:2001tu,
    author = "Damour, Thibault",
    title = "{Coalescence of two spinning black holes: an effective one-body approach}",
    eprint = "gr-qc/0103018",
    archivePrefix = "arXiv",
    reportNumber = "IHES-P-01-11",
    doi = "10.1103/PhysRevD.64.124013",
    journal = "Phys. Rev. D",
    volume = "64",
    pages = "124013",
    year = "2001"
}
@book{Maggiore:2018aaa,
    author={Michelle Maggiore},
    title={Gravitational Waves Volume 2: Astrophysics and Cosmology},
    year={2019},
    publisher={Oxford University Press},
    isbn={978-0-19-857089-9}
}
@article{Hannam:2009rd,
    author = "Hannam, Mark",
    editor = "Sutton, Patrick and Shoemaker, Deirdre",
    title = "{Status of black-hole-binary simulations for gravitational-wave detection}",
    eprint = "0901.2931",
    archivePrefix = "arXiv",
    primaryClass = "gr-qc",
    doi = "10.1088/0264-9381/26/11/114001",
    journal = "Class. Quant. Grav.",
    volume = "26",
    pages = "114001",
    year = "2009"
}
@article{Hinder:2010vn,
    author = "Hinder, Ian",
    editor = "Husa, Sascha and Krishnan, Badri",
    title = "{The Current Status of Binary Black Hole Simulations in Numerical Relativity}",
    eprint = "1001.5161",
    archivePrefix = "arXiv",
    primaryClass = "gr-qc",
    reportNumber = "AEI-2010-008",
    doi = "10.1088/0264-9381/27/11/114004",
    journal = "Class. Quant. Grav.",
    volume = "27",
    pages = "114004",
    year = "2010"
}
@article{Centrella:2010zf,
    author = "Centrella, Joan M. and Baker, John G. and Kelly, Bernard J. and van Meter, James R.",
    title = "{The Final Merger of Black-Hole Binaries}",
    eprint = "1010.2165",
    archivePrefix = "arXiv",
    primaryClass = "gr-qc",
    doi = "10.1146/annurev.nucl.010909.083246",
    journal = "Ann. Rev. Nucl. Part. Sci.",
    volume = "60",
    pages = "75--100",
    year = "2010"
}
@article{Ajith:2007qp,
    author = "Ajith, Parameswaran and others",
    editor = "Krishnan, B. and Papa, M. A. and Schutz, Bernard F.",
    title = "{Phenomenological template family for black-hole coalescence waveforms}",
    eprint = "0704.3764",
    archivePrefix = "arXiv",
    primaryClass = "gr-qc",
    doi = "10.1088/0264-9381/24/19/S31",
    journal = "Class. Quant. Grav.",
    volume = "24",
    pages = "S689--S700",
    year = "2007"
}
@article{Hannam:2013oca,
    author = {Hannam, Mark and Schmidt, Patricia and Boh\'e, Alejandro and Haegel, Le\"\i{}la and Husa, Sascha and Ohme, Frank and Pratten, Geraint and P\"urrer, Michael},
    title = "{Simple Model of Complete Precessing Black-Hole-Binary Gravitational Waveforms}",
    eprint = "1308.3271",
    archivePrefix = "arXiv",
    primaryClass = "gr-qc",
    doi = "10.1103/PhysRevLett.113.151101",
    journal = "Phys. Rev. Lett.",
    volume = "113",
    number = "15",
    pages = "151101",
    year = "2014"
}
@article{Schmidt:2012rh,
    author = "Schmidt, Patricia and Hannam, Mark and Husa, Sascha",
    title = "{Towards models of gravitational waveforms from generic binaries: A simple approximate mapping between precessing and non-precessing inspiral signals}",
    eprint = "1207.3088",
    archivePrefix = "arXiv",
    primaryClass = "gr-qc",
    doi = "10.1103/PhysRevD.86.104063",
    journal = "Phys. Rev. D",
    volume = "86",
    pages = "104063",
    year = "2012"
}
@article{LIGOScientific:2016vlm,
    author = "Abbott, B. P. and others",
    collaboration = "LIGO Scientific, Virgo",
    title = "{Properties of the Binary Black Hole Merger GW150914}",
    eprint = "1602.03840",
    archivePrefix = "arXiv",
    primaryClass = "gr-qc",
    reportNumber = "LIGO-P1500218",
    doi = "10.1103/PhysRevLett.116.241102",
    journal = "Phys. Rev. Lett.",
    volume = "116",
    number = "24",
    pages = "241102",
    year = "2016"
}
@article{Pratten:2020fqn,
    author = "Pratten, Geraint and Husa, Sascha and Garcia-Quiros, Cecilio and Colleoni, Marta and Ramos-Buades, Antoni and Estelles, Hector and Jaume, Rafel",
    title = "{Setting the cornerstone for a family of models for gravitational waves from compact binaries: The dominant harmonic for nonprecessing quasicircular black holes}",
    eprint = "2001.11412",
    archivePrefix = "arXiv",
    primaryClass = "gr-qc",
    reportNumber = "LIGO-P2000018",
    doi = "10.1103/PhysRevD.102.064001",
    journal = "Phys. Rev. D",
    volume = "102",
    number = "6",
    pages = "064001",
    year = "2020"
}
@article{Garcia-Quiros:2020qpx,
    author = "Garc\'{i}a-Quir\'{o}s, Cecilio and Colleoni, Marta and Husa, Sascha and Estell\'{e}s, H\'{e}ctor and Pratten, Geraint and Ramos-Buades, Antoni and Mateu-Lucena, Maite and Jaume, Rafel",
    title = "{Multimode frequency-domain model for the gravitational wave signal from nonprecessing black-hole binaries}",
    eprint = "2001.10914",
    archivePrefix = "arXiv",
    primaryClass = "gr-qc",
    doi = "10.1103/PhysRevD.102.064002",
    journal = "Phys. Rev. D",
    volume = "102",
    number = "6",
    pages = "064002",
    year = "2020"
}
@article{Pratten:2020ceb,
    author = "Pratten, Geraint and others",
    title = "{Computationally efficient models for the dominant and subdominant harmonic modes of precessing binary black holes}",
    eprint = "2004.06503",
    archivePrefix = "arXiv",
    primaryClass = "gr-qc",
    doi = "10.1103/PhysRevD.103.104056",
    journal = "Phys. Rev. D",
    volume = "103",
    number = "10",
    pages = "104056",
    year = "2021"
}
@article{London:2017bcn,
    author = "London, Lionel and Khan, Sebastian and Fauchon-Jones, Edward and Garc\'{i}a, Cecilio and Hannam, Mark and Husa, Sascha and Jim\'enez-Forteza, Xisco and Kalaghatgi, Chinmay and Ohme, Frank and Pannarale, Francesco",
    title = "{First higher-multipole model of gravitational waves from spinning and coalescing black-hole binaries}",
    eprint = "1708.00404",
    archivePrefix = "arXiv",
    primaryClass = "gr-qc",
    doi = "10.1103/PhysRevLett.120.161102",
    journal = "Phys. Rev. Lett.",
    volume = "120",
    number = "16",
    pages = "161102",
    year = "2018"
}
@article{Khan:2018fmp,
    author = "Khan, Sebastian and Chatziioannou, Katerina and Hannam, Mark and Ohme, Frank",
    title = "{Phenomenological model for the gravitational-wave signal from precessing binary black holes with two-spin effects}",
    eprint = "1809.10113",
    archivePrefix = "arXiv",
    primaryClass = "gr-qc",
    doi = "10.1103/PhysRevD.100.024059",
    journal = "Phys. Rev. D",
    volume = "100",
    number = "2",
    pages = "024059",
    year = "2019"
}
@article{Buonanno:1998gg,
    author = "Buonanno, A. and Damour, T.",
    title = "{Effective one-body approach to general relativistic two-body dynamics}",
    eprint = "gr-qc/9811091",
    archivePrefix = "arXiv",
    reportNumber = "IHES-P-98-74",
    doi = "10.1103/PhysRevD.59.084006",
    journal = "Phys. Rev. D",
    volume = "59",
    pages = "084006",
    year = "1999"
}
@article{Buonanno:2000ef,
    author = "Buonanno, Alessandra and Damour, Thibault",
    title = "{Transition from inspiral to plunge in binary black hole coalescences}",
    eprint = "gr-qc/0001013",
    archivePrefix = "arXiv",
    reportNumber = "IHES-P-99-90, GRP-99-521",
    doi = "10.1103/PhysRevD.62.064015",
    journal = "Phys. Rev. D",
    volume = "62",
    pages = "064015",
    year = "2000"
}
@article{Buonanno:2007pf,
    author = "Buonanno, Alessandra and Pan, Yi and Baker, John G. and Centrella, Joan and Kelly, Bernard J. and McWilliams, Sean T. and van Meter, James R.",
    title = "{Toward faithful templates for non-spinning binary black holes using the effective-one-body approach}",
    eprint = "0706.3732",
    archivePrefix = "arXiv",
    primaryClass = "gr-qc",
    doi = "10.1103/PhysRevD.76.104049",
    journal = "Phys. Rev. D",
    volume = "76",
    pages = "104049",
    year = "2007"
}
@article{Buonanno:2009qa,
    author = "Buonanno, Alessandra and Pan, Yi and Pfeiffer, Harald P. and Scheel, Mark A. and Buchman, Luisa T. and Kidder, Lawrence E.",
    title = "{Effective-one-body waveforms calibrated to numerical relativity simulations: Coalescence of non-spinning, equal-mass black holes}",
    eprint = "0902.0790",
    archivePrefix = "arXiv",
    primaryClass = "gr-qc",
    doi = "10.1103/PhysRevD.79.124028",
    journal = "Phys. Rev. D",
    volume = "79",
    pages = "124028",
    year = "2009"
}
@article{Damour:2008te,
    author = "Damour, Thibault and Nagar, Alessandro and Hannam, Mark and Husa, Sascha and Bruegmann, Bernd",
    title = "{Accurate Effective-One-Body waveforms of inspiralling and coalescing black-hole binaries}",
    eprint = "0803.3162",
    archivePrefix = "arXiv",
    primaryClass = "gr-qc",
    doi = "10.1103/PhysRevD.78.044039",
    journal = "Phys. Rev. D",
    volume = "78",
    pages = "044039",
    year = "2008"
}
@article{Pretorius:2007nq,
    author = "Pretorius, Frans",
    title = "{Binary Black Hole Coalescence}",
    eprint = "0710.1338",
    archivePrefix = "arXiv",
    primaryClass = "gr-qc",
    month = "8",
    year = "2007"
}
@article{Pan:2009wj,
    author = "Pan, Yi and Buonanno, Alessandra and Buchman, Luisa T. and Chu, Tony and Kidder, Lawrence E. and Pfeiffer, Harald P. and Scheel, Mark A.",
    title = "{Effective-one-body waveforms calibrated to numerical relativity simulations: coalescence of non-precessing, spinning, equal-mass black holes}",
    eprint = "0912.3466",
    archivePrefix = "arXiv",
    primaryClass = "gr-qc",
    doi = "10.1103/PhysRevD.81.084041",
    journal = "Phys. Rev. D",
    volume = "81",
    pages = "084041",
    year = "2010"
}
@article{Damour:2002vi,
    author = "Damour, Thibault and Iyer, Bala R. and Jaranowski, Piotr and Sathyaprakash, B. S.",
    title = "{Gravitational waves from black hole binary inspiral and merger: The Span of third postNewtonian effective one-body templates}",
    eprint = "gr-qc/0211041",
    archivePrefix = "arXiv",
    doi = "10.1103/PhysRevD.67.064028",
    journal = "Phys. Rev. D",
    volume = "67",
    pages = "064028",
    year = "2003"
}
@article{Damour:2007xr,
    author = "Damour, Thibault and Nagar, Alessandro",
    title = "{Faithful effective-one-body waveforms of small-mass-ratio coalescing black-hole binaries}",
    eprint = "0705.2519",
    archivePrefix = "arXiv",
    primaryClass = "gr-qc",
    doi = "10.1103/PhysRevD.76.064028",
    journal = "Phys. Rev. D",
    volume = "76",
    pages = "064028",
    year = "2007"
}
@article{Buonanno:2005xu,
    author = "Buonanno, Alessandra and Chen, Yanbei and Damour, Thibault",
    title = "{Transition from inspiral to plunge in precessing binaries of spinning black holes}",
    eprint = "gr-qc/0508067",
    archivePrefix = "arXiv",
    doi = "10.1103/PhysRevD.74.104005",
    journal = "Phys. Rev. D",
    volume = "74",
    pages = "104005",
    year = "2006"
}
@article{Pretorius:2005gq,
    author = "Pretorius, Frans",
    title = "{Evolution of binary black hole spacetimes}",
    eprint = "gr-qc/0507014",
    archivePrefix = "arXiv",
    doi = "10.1103/PhysRevLett.95.121101",
    journal = "Phys. Rev. Lett.",
    volume = "95",
    pages = "121101",
    year = "2005"
}
@article{Campanelli:2005dd,
    author = "Campanelli, Manuela and Lousto, C. O. and Marronetti, P. and Zlochower, Y.",
    title = "{Accurate evolutions of orbiting black-hole binaries without excision}",
    eprint = "gr-qc/0511048",
    archivePrefix = "arXiv",
    doi = "10.1103/PhysRevLett.96.111101",
    journal = "Phys. Rev. Lett.",
    volume = "96",
    pages = "111101",
    year = "2006"
}
@article{Baker:2005vv,
    author = "Baker, John G. and Centrella, Joan and Choi, Dae-Il and Koppitz, Michael and van Meter, James",
    title = "{Gravitational wave extraction from an inspiraling configuration of merging black holes}",
    eprint = "gr-qc/0511103",
    archivePrefix = "arXiv",
    doi = "10.1103/PhysRevLett.96.111102",
    journal = "Phys. Rev. Lett.",
    volume = "96",
    pages = "111102",
    year = "2006"
}
@article{Taracchini:2013rva,
    author = "Taracchini, Andrea and others",
    title = "{Effective-one-body model for black-hole binaries with generic mass ratios and spins}",
    eprint = "1311.2544",
    archivePrefix = "arXiv",
    primaryClass = "gr-qc",
    doi = "10.1103/PhysRevD.89.061502",
    journal = "Phys. Rev. D",
    volume = "89",
    number = "6",
    pages = "061502",
    year = "2014"
}
@article{Purrer:2014fza,
    author = {P\"urrer, Michael},
    title = "{Frequency domain reduced order models for gravitational waves from aligned-spin compact binaries}",
    eprint = "1402.4146",
    archivePrefix = "arXiv",
    primaryClass = "gr-qc",
    doi = "10.1088/0264-9381/31/19/195010",
    journal = "Class. Quant. Grav.",
    volume = "31",
    number = "19",
    pages = "195010",
    year = "2014"
}
@article{Pan:2011gk,
    author = "Pan, Yi and Buonanno, Alessandra and Boyle, Michael and Buchman, Luisa T. and Kidder, Lawrence E. and Pfeiffer, Harald P. and Scheel, Mark A.",
    title = "{Inspiral-merger-ringdown multipolar waveforms of nonspinning black-hole binaries using the effective-one-body formalism}",
    eprint = "1106.1021",
    archivePrefix = "arXiv",
    primaryClass = "gr-qc",
    doi = "10.1103/PhysRevD.84.124052",
    journal = "Phys. Rev. D",
    volume = "84",
    pages = "124052",
    year = "2011"
}
@article{Barausse:2009xi,
    author = "Barausse, Enrico and Buonanno, Alessandra",
    title = "{An Improved effective-one-body Hamiltonian for spinning black-hole binaries}",
    eprint = "0912.3517",
    archivePrefix = "arXiv",
    primaryClass = "gr-qc",
    doi = "10.1103/PhysRevD.81.084024",
    journal = "Phys. Rev. D",
    volume = "81",
    pages = "084024",
    year = "2010"
}
@article{Damour:2009kr,
    author = "Damour, Thibault and Nagar, Alessandro",
    title = "{An Improved analytical description of inspiralling and coalescing black-hole binaries}",
    eprint = "0902.0136",
    archivePrefix = "arXiv",
    primaryClass = "gr-qc",
    doi = "10.1103/PhysRevD.79.081503",
    journal = "Phys. Rev. D",
    volume = "79",
    pages = "081503",
    year = "2009"
}
@article{Barausse:2009aa,
    author = "Barausse, Enrico and Racine, Etienne and Buonanno, Alessandra",
    title = "{Hamiltonian of a spinning test-particle in curved spacetime}",
    eprint = "0907.4745",
    archivePrefix = "arXiv",
    primaryClass = "gr-qc",
    doi = "10.1103/PhysRevD.85.069904",
    journal = "Phys. Rev. D",
    volume = "80",
    pages = "104025",
    year = "2009",
    note = "[Erratum: Phys.Rev.D 85, 069904 (2012)]"
}
@article{Taracchini:2012ig,
    author = "Taracchini, Andrea and Pan, Yi and Buonanno, Alessandra and Barausse, Enrico and Boyle, Michael and Chu, Tony and Lovelace, Geoffrey and Pfeiffer, Harald P. and Scheel, Mark A.",
    title = "{Prototype effective-one-body model for nonprecessing spinning inspiral-merger-ringdown waveforms}",
    eprint = "1202.0790",
    archivePrefix = "arXiv",
    primaryClass = "gr-qc",
    doi = "10.1103/PhysRevD.86.024011",
    journal = "Phys. Rev. D",
    volume = "86",
    pages = "024011",
    year = "2012"
}
@article{Ossokine:2020kjp,
    author = "Ossokine, Serguei and others",
    title = "{Multipolar Effective-One-Body Waveforms for Precessing Binary Black Holes: Construction and Validation}",
    eprint = "2004.09442",
    archivePrefix = "arXiv",
    primaryClass = "gr-qc",
    doi = "10.1103/PhysRevD.102.044055",
    journal = "Phys. Rev. D",
    volume = "102",
    number = "4",
    pages = "044055",
    year = "2020"
}
@article{Pan:2013rra,
    author = "Pan, Yi and Buonanno, Alessandra and Taracchini, Andrea and Kidder, Lawrence E. and Mrou\'e, Abdul H. and Pfeiffer, Harald P. and Scheel, Mark A. and Szil\'agyi, B\'ela",
    title = "{Inspiral-merger-ringdown waveforms of spinning, precessing black-hole binaries in the effective-one-body formalism}",
    eprint = "1307.6232",
    archivePrefix = "arXiv",
    primaryClass = "gr-qc",
    doi = "10.1103/PhysRevD.89.084006",
    journal = "Phys. Rev. D",
    volume = "89",
    number = "8",
    pages = "084006",
    year = "2014"
}
@article{Purrer:2015tud,
    author = {P\"urrer, Michael},
    title = "{Frequency domain reduced order model of aligned-spin effective-one-body waveforms with generic mass-ratios and spins}",
    eprint = "1512.02248",
    archivePrefix = "arXiv",
    primaryClass = "gr-qc",
    doi = "10.1103/PhysRevD.93.064041",
    journal = "Phys. Rev. D",
    volume = "93",
    number = "6",
    pages = "064041",
    year = "2016"
}
@article{Varma:2019csw,
    author = "Varma, Vijay and Field, Scott E. and Scheel, Mark A. and Blackman, Jonathan and Gerosa, Davide and Stein, Leo C. and Kidder, Lawrence E. and Pfeiffer, Harald P.",
    title = "{Surrogate models for precessing binary black hole simulations with unequal masses}",
    eprint = "1905.09300",
    archivePrefix = "arXiv",
    primaryClass = "gr-qc",
    doi = "10.1103/PhysRevResearch.1.033015",
    journal = "Phys. Rev. Research.",
    volume = "1",
    pages = "033015",
    year = "2019"
}
@article{Blackman:2017pcm,
    author = "Blackman, Jonathan and Field, Scott E. and Scheel, Mark A. and Galley, Chad R. and Ott, Christian D. and Boyle, Michael and Kidder, Lawrence E. and Pfeiffer, Harald P. and Szil\'agyi, B\'ela",
    title = "{Numerical relativity waveform surrogate model for generically precessing binary black hole mergers}",
    eprint = "1705.07089",
    archivePrefix = "arXiv",
    primaryClass = "gr-qc",
    reportNumber = "YITP-17-44",
    doi = "10.1103/PhysRevD.96.024058",
    journal = "Phys. Rev. D",
    volume = "96",
    number = "2",
    pages = "024058",
    year = "2017"
}
@article{Varma:2018aht,
    author = "Varma, Vijay and Gerosa, Davide and Stein, Leo C. and H\'ebert, Fran\c{c}ois and Zhang, Hao",
    title = "{High-accuracy mass, spin, and recoil predictions of generic black-hole merger remnants}",
    eprint = "1809.09125",
    archivePrefix = "arXiv",
    primaryClass = "gr-qc",
    doi = "10.1103/PhysRevLett.122.011101",
    journal = "Phys. Rev. Lett.",
    volume = "122",
    number = "1",
    pages = "011101",
    year = "2019"
}
@article{Blackman:2015pia,
    author = "Blackman, Jonathan and Field, Scott E. and Galley, Chad R. and Szil\'agyi, B\'ela and Scheel, Mark A. and Tiglio, Manuel and Hemberger, Daniel A.",
    title = "{Fast and Accurate Prediction of Numerical Relativity Waveforms from Binary Black Hole Coalescences Using Surrogate Models}",
    eprint = "1502.07758",
    archivePrefix = "arXiv",
    primaryClass = "gr-qc",
    doi = "10.1103/PhysRevLett.115.121102",
    journal = "Phys. Rev. Lett.",
    volume = "115",
    number = "12",
    pages = "121102",
    year = "2015"
}
@article{Blackman:2017dfb,
    author = "Blackman, Jonathan and Field, Scott E. and Scheel, Mark A. and Galley, Chad R. and Hemberger, Daniel A. and Schmidt, Patricia and Smith, Rory",
    title = "{A Surrogate Model of Gravitational Waveforms from Numerical Relativity Simulations of Precessing Binary Black Hole Mergers}",
    eprint = "1701.00550",
    archivePrefix = "arXiv",
    primaryClass = "gr-qc",
    doi = "10.1103/PhysRevD.95.104023",
    journal = "Phys. Rev. D",
    volume = "95",
    number = "10",
    pages = "104023",
    year = "2017"
}
@article{Scheel:2014ina,
    author = "Scheel, Mark A. and Giesler, Matthew and Hemberger, Daniel A. and Lovelace, Geoffrey and Kuper, Kevin and Boyle, Michael and Szil\'agyi, B. and Kidder, Lawrence E.",
    title = "{Improved methods for simulating nearly extremal binary black holes}",
    eprint = "1412.1803",
    archivePrefix = "arXiv",
    primaryClass = "gr-qc",
    doi = "10.1088/0264-9381/32/10/105009",
    journal = "Class. Quant. Grav.",
    volume = "32",
    number = "10",
    pages = "105009",
    year = "2015"
}
@article{Szilagyi:2014fna,
    author = "Szil\'agyi, B\'ela",
    title = "{Key Elements of Robustness in Binary Black Hole Evolutions using Spectral Methods}",
    eprint = "1405.3693",
    archivePrefix = "arXiv",
    primaryClass = "gr-qc",
    doi = "10.1142/S0218271814300146",
    journal = "Int. J. Mod. Phys. D",
    volume = "23",
    number = "7",
    pages = "1430014",
    year = "2014"
}
@article{Boyle:2019kee,
    author = "Boyle, Michael and others",
    title = "{The SXS Collaboration catalog of binary black hole simulations}",
    eprint = "1904.04831",
    archivePrefix = "arXiv",
    primaryClass = "gr-qc",
    doi = "10.1088/1361-6382/ab34e2",
    journal = "Class. Quant. Grav.",
    volume = "36",
    number = "19",
    pages = "195006",
    year = "2019"
}
@article{Healy:2022wdn,
    author = "Healy, James and Lousto, Carlos O.",
    title = "{Fourth RIT binary black hole simulations catalog: Extension to eccentric orbits}",
    eprint = "2202.00018",
    archivePrefix = "arXiv",
    primaryClass = "gr-qc",
    doi = "10.1103/PhysRevD.105.124010",
    journal = "Phys. Rev. D",
    volume = "105",
    number = "12",
    pages = "124010",
    year = "2022"
}
@article{LISA:2017pwj,
    author = "Amaro-Seoane, Pau and others",
    collaboration = "LISA",
    title = "{Laser Interferometer Space Antenna}",
    eprint = "1702.00786",
    archivePrefix = "arXiv",
    primaryClass = "astro-ph.IM",
    month = "2",
    year = "2017"
}
@article{Steltner:2020hfd,
    author = "Steltner, B. and Papa, M. A. and Eggenstein, H. B. and Allen, B. and Dergachev, V. and Prix, R. and Machenschalk, B. and Walsh, S. and Zhu, S. J. and Kwang, S.",
    title = {Einstein@Home All-sky Search for Continuous Gravitational Waves in LIGO O2 Public Data},
    eprint = "2009.12260",
    archivePrefix = "arXiv",
    primaryClass = "astro-ph.HE",
    doi = "10.3847/1538-4357/abc7c9",
    journal = "Astrophys. J.",
    volume = "909",
    number = "1",
    pages = "79",
    year = "2021"
}
@article{Dergachev:2020fli,
    author = "Dergachev, Vladimir and Papa, Maria Alessandra",
    title = "{Results from the First All-Sky Search for Continuous Gravitational Waves from Small-Ellipticity Sources}",
    eprint = "2004.08334",
    archivePrefix = "arXiv",
    primaryClass = "gr-qc",
    doi = "10.1103/PhysRevLett.125.171101",
    journal = "Phys. Rev. Lett.",
    volume = "125",
    number = "17",
    pages = "171101",
    year = "2020"
}
@article{LIGOScientific:2022pjk,
    author = "Abbott, R. and others",
    collaboration = "LIGO Scientific, VIRGO, KAGRA",
    title = "{All-sky search for continuous gravitational waves from isolated neutron stars using Advanced LIGO and Advanced Virgo O3 data}",
    eprint = "2201.00697",
    archivePrefix = "arXiv",
    primaryClass = "gr-qc",
    reportNumber = "LIGO-P2100367",
    month = "1",
    year = "2022"
}
@article{LIGOScientific:2016jvu,
    author = "Abbott, B. P. and others",
    collaboration = "LIGO Scientific, Virgo",
    title = "{A First Targeted Search for Gravitational-Wave Bursts from Core-Collapse Supernovae in Data of First-Generation Laser Interferometer Detectors}",
    eprint = "1605.01785",
    archivePrefix = "arXiv",
    primaryClass = "gr-qc",
    reportNumber = "LIGO-P1400208",
    doi = "10.1103/PhysRevD.94.102001",
    journal = "Phys. Rev. D",
    volume = "94",
    number = "10",
    pages = "102001",
    year = "2016"
}
@article{Taylor:1982zz,
    author = "Taylor, J. H. and Weisberg, J. M.",
    title = "{A new test of general relativity: Gravitational radiation and the binary pulsar PS R 1913+16}",
    doi = "10.1086/159690",
    journal = "Astrophys. J.",
    volume = "253",
    pages = "908--920",
    year = "1982"
}
@article{Hulse:1974eb,
    author = "Hulse, R. A. and Taylor, J. H.",
    title = "{Discovery of a pulsar in a binary system}",
    doi = "10.1086/181708",
    journal = "Astrophys. J. Lett.",
    volume = "195",
    pages = "L51--L53",
    year = "1975"
}
@article{Weber:1960zz,
    author = "Weber, J.",
    title = "{Detection and Generation of Gravitational Waves}",
    doi = "10.1103/PhysRev.117.306",
    journal = "Phys. Rev.",
    volume = "117",
    pages = "306--313",
    year = "1960"
}
@article{Weber:1969bz,
    author = "Weber, J.",
    title = "{Evidence for discovery of gravitational radiation}",
    doi = "10.1103/PhysRevLett.22.1320",
    journal = "Phys. Rev. Lett.",
    volume = "22",
    pages = "1320--1324",
    year = "1969"
}
@article{Weber:1968llz,
    author = "Weber, J.",
    title = "{Gravitational-Wave-Detector Events}",
    doi = "10.1103/PhysRevLett.20.1307",
    journal = "Phys. Rev. Lett.",
    volume = "20",
    number = "23",
    pages = "1307",
    year = "1968"
}
@article{Pitkin:2011yk,
    author = "Pitkin, Matthew and Reid, Stuart and Rowan, Sheila and Hough, Jim",
    title = "{Gravitational Wave Detection by Interferometry (Ground and Space)}",
    eprint = "1102.3355",
    archivePrefix = "arXiv",
    primaryClass = "astro-ph.IM",
    reportNumber = "LIGO-P1100004-V1, LIGO-P1100004-V3",
    doi = "10.12942/lrr-2011-5",
    journal = "Living Rev. Rel.",
    volume = "14",
    pages = "5",
    year = "2011"
}
@article{Olsen:2022pin,
    author = "Olsen, Seth and Venumadhav, Tejaswi and Mushkin, Jonathan and Roulet, Javier and Zackay, Barak and Zaldarriaga, Matias",
    collaboration = "LIGO Scientific Collaboration, the Virgo",
    title = "{New binary black hole mergers in the LIGO-Virgo O3a data}",
    eprint = "2201.02252",
    archivePrefix = "arXiv",
    primaryClass = "astro-ph.HE",
    doi = "10.1103/PhysRevD.106.043009",
    journal = "Phys. Rev. D",
    volume = "106",
    number = "4",
    pages = "043009",
    year = "2022"
}
@article{Venumadhav:2019lyq,
    author = "Venumadhav, Tejaswi and Zackay, Barak and Roulet, Javier and Dai, Liang and Zaldarriaga, Matias",
    title = "{New binary black hole mergers in the second observing run of Advanced LIGO and Advanced Virgo}",
    eprint = "1904.07214",
    archivePrefix = "arXiv",
    primaryClass = "astro-ph.HE",
    doi = "10.1103/PhysRevD.101.083030",
    journal = "Phys. Rev. D",
    volume = "101",
    number = "8",
    pages = "083030",
    year = "2020"
}
@article{LIGOScientific:2016lio,
    author = "Abbott, B. P. and others",
    collaboration = "LIGO Scientific, Virgo",
    title = "{Tests of general relativity with GW150914}",
    eprint = "1602.03841",
    archivePrefix = "arXiv",
    primaryClass = "gr-qc",
    reportNumber = "LIGO-P1500213",
    doi = "10.1103/PhysRevLett.116.221101",
    journal = "Phys. Rev. Lett.",
    volume = "116",
    number = "22",
    pages = "221101",
    year = "2016",
    note = "[Erratum: Phys.Rev.Lett. 121, 129902 (2018)]"
}
@article{LIGOScientific:2021sio,
    author = "Abbott, R. and others",
    collaboration = "LIGO Scientific, VIRGO, KAGRA",
    title = "{Tests of General Relativity with GWTC-3}",
    eprint = "2112.06861",
    archivePrefix = "arXiv",
    primaryClass = "gr-qc",
    reportNumber = "LIGO-P2100275",
    month = "12",
    year = "2021"
}
@article{Shoom:2021mdj,
    author = "Shoom, Andrey A. and Gupta, Pawan K. and Krishnan, Badri and Nielsen, Alex B. and Capano, Collin D.",
    title = "{Testing GR with the Gravitational Wave Inspiral Signal GW170817}",
    eprint = "2105.02191",
    archivePrefix = "arXiv",
    primaryClass = "gr-qc",
    month = "5",
    year = "2021"
}
@article{LIGOScientific:2018cki,
    author = "Abbott, B. P. and others",
    collaboration = "LIGO Scientific, Virgo",
    title = "{GW170817: Measurements of neutron star radii and equation of state}",
    eprint = "1805.11581",
    archivePrefix = "arXiv",
    primaryClass = "gr-qc",
    reportNumber = "LIGO-P1800115",
    doi = "10.1103/PhysRevLett.121.161101",
    journal = "Phys. Rev. Lett.",
    volume = "121",
    number = "16",
    pages = "161101",
    year = "2018"
}
@article{Capano:2019eae,
    author = "Capano, Collin D. and Tews, Ingo and Brown, Stephanie M. and Margalit, Ben and De, Soumi and Kumar, Sumit and Brown, Duncan A. and Krishnan, Badri and Reddy, Sanjay",
    title = "{Stringent constraints on neutron-star radii from multimessenger observations and nuclear theory}",
    eprint = "1908.10352",
    archivePrefix = "arXiv",
    primaryClass = "astro-ph.HE",
    reportNumber = "INT-PUB-19-037, LA-UR-19-28442",
    doi = "10.1038/s41550-020-1014-6",
    journal = "Nature Astron.",
    volume = "4",
    number = "6",
    pages = "625--632",
    year = "2020"
}
@article{LIGOScientific:2021psn,
    author = "Abbott, R. and others",
    collaboration = "LIGO Scientific, VIRGO, KAGRA",
    title = "{The population of merging compact binaries inferred using gravitational waves through GWTC-3}",
    eprint = "2111.03634",
    archivePrefix = "arXiv",
    primaryClass = "astro-ph.HE",
    reportNumber = "LIGO-P2100239 ; Data release: https://zenodo.org/record/5655785, LIGO-P2100239",
    month = "11",
    year = "2021"
}
@article{LIGOScientific:2021job,
    author = "Abbott, R. and others",
    collaboration = "LIGO Scientific, VIRGO, KAGRA",
    title = "{Search for Subsolar-Mass Binaries in the First Half of Advanced LIGO\textquoteright{}s and Advanced Virgo\textquoteright{}s Third Observing Run}",
    eprint = "2109.12197",
    archivePrefix = "arXiv",
    primaryClass = "astro-ph.CO",
    reportNumber = "LIGO-P2100163-v8",
    doi = "10.1103/PhysRevLett.129.061104",
    journal = "Phys. Rev. Lett.",
    volume = "129",
    number = "6",
    pages = "061104",
    year = "2022"
}
@article{Basak:2021ten,
    author = "Basak, S. and Ganguly, A. and Haris, K. and Kapadia, S. and Mehta, A. K. and Ajith, P.",
    title = "{Constraints on Compact Dark Matter from Gravitational Wave Microlensing}",
    eprint = "2109.06456",
    archivePrefix = "arXiv",
    primaryClass = "gr-qc",
    reportNumber = "LIGO-P2100321",
    doi = "10.3847/2041-8213/ac4dfa",
    journal = "Astrophys. J.",
    volume = "926",
    number = "2",
    pages = "L28",
    year = "2022"
}
@article{Sasaki:2018dmp,
    author = "Sasaki, Misao and Suyama, Teruaki and Tanaka, Takahiro and Yokoyama, Shuichiro",
    title = "{Primordial black holes\textemdash{}perspectives in gravitational wave astronomy}",
    eprint = "1801.05235",
    archivePrefix = "arXiv",
    primaryClass = "astro-ph.CO",
    doi = "10.1088/1361-6382/aaa7b4",
    journal = "Class. Quant. Grav.",
    volume = "35",
    number = "6",
    pages = "063001",
    year = "2018"
}
@article{DES:2019ccw,
    author = "Soares-Santos, M. and others",
    collaboration = "DES, LIGO Scientific, Virgo",
    title = "{First Measurement of the Hubble Constant from a Dark Standard Siren using the Dark Energy Survey Galaxies and the LIGO/Virgo Binary\textendash{}Black-hole Merger GW170814}",
    eprint = "1901.01540",
    archivePrefix = "arXiv",
    primaryClass = "astro-ph.CO",
    reportNumber = "FERMILAB-PUB-18-629-AE",
    doi = "10.3847/2041-8213/ab14f1",
    journal = "Astrophys. J. Lett.",
    volume = "876",
    number = "1",
    pages = "L7",
    year = "2019"
}
@article{LIGOScientific:2018gmd,
    author = "Fishbach, M. and others",
    collaboration = "LIGO Scientific, Virgo",
    title = "{A Standard Siren Measurement of the Hubble Constant from GW170817 without the Electromagnetic Counterpart}",
    eprint = "1807.05667",
    archivePrefix = "arXiv",
    primaryClass = "astro-ph.CO",
    reportNumber = "LIGO-P1800192",
    doi = "10.3847/2041-8213/aaf96e",
    journal = "Astrophys. J. Lett.",
    volume = "871",
    number = "1",
    pages = "L13",
    year = "2019"
}
@article{Broekgaarden:2021hlu,
    author = "Broekgaarden, Floor S. and Berger, Edo",
    title = "{Formation of the First Two Black Hole\textendash{}Neutron Star Mergers (GW200115 and GW200105) from Isolated Binary Evolution}",
    eprint = "2108.05763",
    archivePrefix = "arXiv",
    primaryClass = "astro-ph.HE",
    doi = "10.3847/2041-8213/ac2832",
    journal = "Astrophys. J. Lett.",
    volume = "920",
    number = "1",
    pages = "L13",
    year = "2021"
}
@article{Hanna:2019ezx,
    author = "Hanna, Chad and others",
    title = "{Fast evaluation of multidetector consistency for real-time gravitational wave searches}",
    eprint = "1901.02227",
    archivePrefix = "arXiv",
    primaryClass = "gr-qc",
    doi = "10.1103/PhysRevD.101.022003",
    journal = "Phys. Rev. D",
    volume = "101",
    number = "2",
    pages = "022003",
    year = "2020"
}
@article{Cannon:2020qnf,
    author = "Cannon, Kipp and others",
    title = "{GstLAL: A software framework for gravitational wave discovery}",
    eprint = "2010.05082",
    archivePrefix = "arXiv",
    primaryClass = "astro-ph.IM",
    month = "10",
    year = "2020"
}
@article{Aubin:2020goo,
    author = "Aubin, F. and others",
    title = "{The MBTA pipeline for detecting compact binary coalescences in the third LIGO\textendash{}Virgo observing run}",
    eprint = "2012.11512",
    archivePrefix = "arXiv",
    primaryClass = "gr-qc",
    doi = "10.1088/1361-6382/abe913",
    journal = "Class. Quant. Grav.",
    volume = "38",
    number = "9",
    pages = "095004",
    year = "2021"
}
@article{Klimenko:2011hz,
    author = "Klimenko, S. and Vedovato, G. and Drago, M. and Mazzolo, G. and Mitselmakher, G. and Pankow, C. and Prodi, G. and Re, V. and Salemi, F. and Yakushin, I.",
    title = "{Localization of gravitational wave sources with networks of advanced detectors}",
    eprint = "1101.5408",
    archivePrefix = "arXiv",
    primaryClass = "astro-ph.IM",
    reportNumber = "LIGO-P1000184",
    doi = "10.1103/PhysRevD.83.102001",
    journal = "Phys. Rev. D",
    volume = "83",
    pages = "102001",
    year = "2011"
}
@article{Klimenko:2004qh,
    author = "Klimenko, S. and Mitselmakher, Guenakh",
    title = "{A wavelet method for detection of gravitational wave bursts}",
    doi = "10.1088/0264-9381/21/20/025",
    journal = "Class. Quant. Grav.",
    volume = "21",
    pages = "S1819--S1830",
    year = "2004"
}
@article{Mishra:2022ott,
    author = "Mishra, T. and others",
    title = "{Search for binary black hole mergers in the third observing run of Advanced LIGO-Virgo using coherent WaveBurst enhanced with machine learning}",
    eprint = "2201.01495",
    archivePrefix = "arXiv",
    primaryClass = "gr-qc",
    reportNumber = "LIGO-P2100421",
    doi = "10.1103/PhysRevD.105.083018",
    journal = "Phys. Rev. D",
    volume = "105",
    number = "8",
    pages = "083018",
    year = "2022"
}
@article{Chandra:2022ixv,
    author = "Chandra, Koustav and Calder\'on Bustillo, Juan and Pai, Archana and Harry, Ian",
    title = "{First gravitational-wave search for intermediate-mass black hole mergers with higher order harmonics}",
    eprint = "2207.01654",
    archivePrefix = "arXiv",
    primaryClass = "gr-qc",
    reportNumber = "LIGO-P2200182",
    month = "7",
    year = "2022"
}
@article{Luck:2010rt,
    author = "Luck, Harald and others",
    editor = "Marka, Zsuzsa and Marka, Szabolcs",
    title = "{The upgrade of GEO600}",
    eprint = "1004.0339",
    archivePrefix = "arXiv",
    primaryClass = "gr-qc",
    reportNumber = "AMALDI2009GEO",
    doi = "10.1088/1742-6596/228/1/012012",
    journal = "J. Phys. Conf. Ser.",
    volume = "228",
    pages = "012012",
    year = "2010"
}
@article{Affeldt:2014rza,
    author = "Affeldt, C. and others",
    title = "{Advanced techniques in GEO 600}",
    doi = "10.1088/0264-9381/31/22/224002",
    journal = "Class. Quant. Grav.",
    volume = "31",
    number = "22",
    pages = "224002",
    year = "2014"
}
@article{Dooley:2015fpa,
    author = "Dooley, K. L. and others",
    title = "{GEO 600 and the GEO-HF upgrade program: successes and challenges}",
    eprint = "1510.00317",
    archivePrefix = "arXiv",
    primaryClass = "physics.ins-det",
    doi = "10.1088/0264-9381/33/7/075009",
    journal = "Class. Quant. Grav.",
    volume = "33",
    pages = "075009",
    year = "2016"
}
@book{Demtroder:1995aaa,
    author={Wolfgang Demtröder},
    title={Experimentalphysik 2: Elektirzität und Optik},
    year={2013},
    publisher={Springer Spektrum},
    isbn={978-3-642-29943-8},
    doi={10.1007/978-3-642-29944-5}
}
@book{Hawking:1989aaa,
  title={Three hundred years of gravitation},
  author={Hawking, Stephen W and Israel, Werner},
  year={1989},
  publisher={Cambridge University Press},
  isbn={0-521-34312-7}
}
@article{Lough:2020xft,
    author = "Lough, James and others",
    title = "{First Demonstration of 6 dB Quantum Noise Reduction in a Kilometer Scale Gravitational Wave Observatory}",
    eprint = "2005.10292",
    archivePrefix = "arXiv",
    primaryClass = "physics.ins-det",
    doi = "10.1103/PhysRevLett.126.041102",
    journal = "Phys. Rev. Lett.",
    volume = "126",
    number = "4",
    pages = "041102",
    year = "2021"
}
@article{Caves:1981hw,
    author = "Caves, C. M.",
    title = "{Quantum Mechanical Noise in an Interferometer}",
    doi = "10.1103/PhysRevD.23.1693",
    journal = "Phys. Rev. D",
    volume = "23",
    pages = "1693--1708",
    year = "1981"
}
@article{LIGOScientific:2013pcc,
    author = "Aasi, J. and others",
    collaboration = "LIGO Scientific",
    title = "{Enhancing the sensitivity of the LIGO gravitational wave detector by using squeezed states of light}",
    eprint = "1310.0383",
    archivePrefix = "arXiv",
    primaryClass = "quant-ph",
    doi = "10.1038/nphoton.2013.177",
    journal = "Nature Photon.",
    volume = "7",
    pages = "613--619",
    year = "2013"
}
@article{Heurs:2018wsu,
    author = "Heurs, M.",
    title = "{Gravitational wave detection using laser interferometry beyond the standard quantum limit}",
    doi = "10.1098/rsta.2017.0289",
    journal = "Phil. Trans. Roy. Soc. Lond. A",
    volume = "376",
    number = "2120",
    pages = "20170289",
    year = "2018"
}
@ARTICLE{Welch:1967aaa,
    author={Welch, P.},
    journal={IEEE Transactions on Audio and Electroacoustics}, 
    title={The use of fast Fourier transform for the estimation of power spectra: A method based on time averaging over short, modified periodograms}, 
    year={1967},
    volume={15},
    number={2},
    pages={70-73},
    doi={10.1109/TAU.1967.1161901}
}
@article{Allen:1999yt,
    author = "Allen, Bruce and others",
    title = "{Observational limit on gravitational waves from binary neutron stars in the galaxy}",
    eprint = "gr-qc/9903108",
    archivePrefix = "arXiv",
    reportNumber = "WISC-MILW-99-TH-05, LIGO-P990019-01",
    doi = "10.1103/PhysRevLett.83.1498",
    journal = "Phys. Rev. Lett.",
    volume = "83",
    pages = "1498",
    year = "1999"
}
@article{Allen:2004gu,
    author = "Allen, Bruce",
    title = "{${\chi}^{2}$ time-frequency discriminator for gravitational wave detection}",
    eprint = "gr-qc/0405045",
    archivePrefix = "arXiv",
    doi = "10.1103/PhysRevD.71.062001",
    journal = "Phys. Rev. D",
    volume = "71",
    pages = "062001",
    year = "2005"
}
@article{Robinet:2020lbf,
    author = "Robinet, Florent and Arnaud, Nicolas and Leroy, Nicolas and Lundgren, Andrew and Macleod, Duncan and McIver, Jessica",
    title = "{Omicron: a tool to characterize transient noise in gravitational-wave detectors}",
    eprint = "2007.11374",
    archivePrefix = "arXiv",
    primaryClass = "astro-ph.IM",
    doi = "10.1016/j.softx.2020.100620",
    journal = "SoftwareX",
    volume = "12",
    pages = "100620",
    year = "2020"
}
@article{Venumadhav:2019tad,
    author = "Venumadhav, Tejaswi and Zackay, Barak and Roulet, Javier and Dai, Liang and Zaldarriaga, Matias",
    title = "{New search pipeline for compact binary mergers: Results for binary black holes in the first observing run of Advanced LIGO}",
    eprint = "1902.10341",
    archivePrefix = "arXiv",
    primaryClass = "astro-ph.IM",
    doi = "10.1103/PhysRevD.100.023011",
    journal = "Phys. Rev. D",
    volume = "100",
    number = "2",
    pages = "023011",
    year = "2019"
}
@article{KAGRA:2013rdx,
    author = "Abbott, B. P. and others",
    collaboration = "KAGRA, LIGO Scientific, Virgo, VIRGO",
    title = "{Prospects for observing and localizing gravitational-wave transients with Advanced LIGO, Advanced Virgo and KAGRA}",
    eprint = "1304.0670",
    archivePrefix = "arXiv",
    primaryClass = "gr-qc",
    reportNumber = "LIGO-P1200087, VIR-0288A-12",
    doi = "10.1007/s41114-020-00026-9",
    journal = "Living Rev. Rel.",
    volume = "21",
    number = "1",
    pages = "3",
    year = "2018"
}
@online{Iyer:2011aaa,
    title={LIGO-India, Proposal of the Consortium for Indian Initiative in Gravitational-wave Observations (IndIGO)},
    author={Bala Iyer and Tarun Souradeep and C. S. Unnikrishnan and Sanjeev Dhurandhar and Sendhil Raja and Anand Sengupta},
    url={https://dcc.ligo.org/LIGO-M1100296/public},
    urldate={2022-08-27},
    year={2011}
}
@online{LIGOScientific:2017aaa,
    title={Instrument Science White Paper},
    author={LIGO Scientific Collaboration},
    url={https://dcc.ligo.org/public/0142/T1700231/003/T1700231-v3.pdf},
    urldate={2022-08-27},
    year={2017}
}
@article{Maggiore:2019uih,
    author = "Maggiore, Michele and others",
    title = "{Science Case for the Einstein Telescope}",
    eprint = "1912.02622",
    archivePrefix = "arXiv",
    primaryClass = "astro-ph.CO",
    doi = "10.1088/1475-7516/2020/03/050",
    journal = "JCAP",
    volume = "03",
    pages = "050",
    year = "2020"
}
@article{Reitze:2019iox,
    author = "Reitze, David and others",
    title = "{Cosmic Explorer: The U.S. Contribution to Gravitational-Wave Astronomy beyond LIGO}",
    eprint = "1907.04833",
    archivePrefix = "arXiv",
    primaryClass = "astro-ph.IM",
    reportNumber = "LIGO-P1900316",
    journal = "Bull. Am. Astron. Soc.",
    volume = "51",
    number = "7",
    pages = "035",
    year = "2019"
}
@online{NASA:2022aaa,
    title={LISA},
    author={Steve Sabia and Pat Tyler and James Ira Thorpe},
    url={https://lisa.nasa.gov/},
    urldate={2022-08-28},
    year={2022}
}
@online{ESA:2022aaa,
    title={LISA},
    author={European Space Agency},
    url={https://sci.esa.int/web/lisa},
    urldate={2022-08-28},
    year={2022}
}
@article{Armano:2018kix,
    author = "Armano, M. and others",
    title = "{Beyond the Required LISA Free-Fall Performance: New LISA Pathfinder Results down to 20  $\mu$Hz}",
    doi = "10.1103/PhysRevLett.120.061101",
    journal = "Phys. Rev. Lett.",
    volume = "120",
    number = "6",
    pages = "061101",
    year = "2018"
}
@article{McNamara:2008zz,
    author = "McNamara, P. and Vitale, S. and Danzmann, K.",
    editor = "Scott, Susan M. and McClelland, David E.",
    collaboration = "LISA",
    title = "{LISA Pathfinder}",
    doi = "10.1088/0264-9381/25/11/114034",
    journal = "Class. Quant. Grav.",
    volume = "25",
    pages = "114034",
    year = "2008"
}
@article{Armano:2016bkm,
    author = "Armano, M. and others",
    title = "{Sub-Femto- g Free Fall for Space-Based Gravitational Wave Observatories: LISA Pathfinder Results}",
    doi = "10.1103/PhysRevLett.116.231101",
    journal = "Phys. Rev. Lett.",
    volume = "116",
    number = "23",
    pages = "231101",
    year = "2016"
}
@article{TianQin:2015yph,
    author = "Luo, Jun and others",
    collaboration = "TianQin",
    title = "{TianQin: a space-borne gravitational wave detector}",
    eprint = "1512.02076",
    archivePrefix = "arXiv",
    primaryClass = "astro-ph.IM",
    doi = "10.1088/0264-9381/33/3/035010",
    journal = "Class. Quant. Grav.",
    volume = "33",
    number = "3",
    pages = "035010",
    year = "2016"
}
@article{Hobbs:2008yn,
    author = "Hobbs, G. B. and others",
    title = "{Gravitational wave detection using pulsars: status of the Parkes Pulsar Timing Array project}",
    eprint = "0812.2721",
    archivePrefix = "arXiv",
    primaryClass = "astro-ph",
    doi = "10.1071/AS08023",
    journal = "Publ. Astron. Soc. Austral.",
    volume = "26",
    pages = "103",
    year = "2009"
}
@article{Demorest:2009ex,
    author = "Demorest, P. and Lazio, J. and Lommen, A.",
    collaboration = "NANOGrav",
    title = "{Gravitational Wave Astronomy Using Pulsars: Massive Black Hole Mergers \& the Early Universe}",
    eprint = "0902.2968",
    archivePrefix = "arXiv",
    primaryClass = "astro-ph.CO",
    month = "2",
    year = "2009"
}

@article{NANOGrav:2020bcs,
    author = "Arzoumanian, Zaven and others",
    collaboration = "NANOGrav",
    title = "{The NANOGrav 12.5 yr Data Set: Search for an Isotropic Stochastic Gravitational-wave Background}",
    eprint = "2009.04496",
    archivePrefix = "arXiv",
    primaryClass = "astro-ph.HE",
    doi = "10.3847/2041-8213/abd401",
    journal = "Astrophys. J. Lett.",
    volume = "905",
    number = "2",
    pages = "L34",
    year = "2020"
}
@article{NANOGrav:2020gpb,
    author = "Alam, Md F. and others",
    collaboration = "NANOGrav",
    title = "{The NANOGrav 12.5 yr Data Set: Observations and Narrowband Timing of 47 Millisecond Pulsars}",
    eprint = "2005.06490",
    archivePrefix = "arXiv",
    primaryClass = "astro-ph.HE",
    doi = "10.3847/1538-4365/abc6a0",
    journal = "Astrophys. J. Suppl.",
    volume = "252",
    number = "1",
    pages = "4",
    year = "2021"
}
@article{Biwer:2018osg,
    author = "Biwer, C. M. and Capano, Collin D. and De, Soumi and Cabero, Miriam and Brown, Duncan A. and Nitz, Alexander H. and Raymond, V.",
    title = "{PyCBC Inference: A Python-based parameter estimation toolkit for compact binary coalescence signals}",
    eprint = "1807.10312",
    archivePrefix = "arXiv",
    primaryClass = "astro-ph.IM",
    doi = "10.1088/1538-3873/aaef0b",
    journal = "Publ. Astron. Soc. Pac.",
    volume = "131",
    number = "996",
    pages = "024503",
    year = "2019"
}
@article{Schmidt:2014iyl,
    author = "Schmidt, Patricia and Ohme, Frank and Hannam, Mark",
    title = "{Towards models of gravitational waveforms from generic binaries II: Modelling precession effects with a single effective precession parameter}",
    eprint = "1408.1810",
    archivePrefix = "arXiv",
    primaryClass = "gr-qc",
    doi = "10.1103/PhysRevD.91.024043",
    journal = "Phys. Rev. D",
    volume = "91",
    number = "2",
    pages = "024043",
    year = "2015"
}
@article{KAGRA:2022twx,
    author = "Abbott, R. and others",
    collaboration = "KAGRA, VIRGO, LIGO Scientific",
    title = "{First joint observation by the underground gravitational-wave detector KAGRA with GEO 600}",
    eprint = "2203.01270",
    archivePrefix = "arXiv",
    primaryClass = "gr-qc",
    reportNumber = "LIGO-P2100286",
    doi = "10.1093/ptep/ptac073",
    journal = "PTEP",
    volume = "2022",
    number = "6",
    pages = "063F01",
    year = "2022"
}
@online{GEO:2022aaa,
    title={GEO600 Advanced Technologies},
    author={GEO600},
    url={https://www.geo600.org/23441/advanced-technologies},
    urldate={2022-09-02},
    year={2022}
}
@article{Saleem:2021iwi,
    author = "Saleem, M. and others",
    title = "{The science case for LIGO-India}",
    eprint = "2105.01716",
    archivePrefix = "arXiv",
    primaryClass = "gr-qc",
    doi = "10.1088/1361-6382/ac3b99",
    journal = "Class. Quant. Grav.",
    volume = "39",
    number = "2",
    pages = "025004",
    year = "2022"
}
@article{Kumar:2022tto,
    author = "Kumar, Sumit and Nitz, Alexander H. and Forteza, Xisco Jim\'enez",
    title = "{Parameter estimation with non stationary noise in gravitational waves data}",
    eprint = "2202.12762",
    archivePrefix = "arXiv",
    primaryClass = "astro-ph.IM",
    month = "2",
    year = "2022"
}
@phdthesis{Ohme:2012cba,
    author = "Ohme, Frank",
    title = "{Bridging the Gap between Post-Newtonian Theory and Numerical Relativity in Gravitational-Wave Data Analysis}",
    school = "Potsdam U.",
    year = "2012"
}
@article{Dhurkunde:2022aek,
    author = "Dhurkunde, Rahul and Nitz, Alexander H.",
    title = "{Sensitivity of spin-aligned searches for neutron star-black hole systems using future detectors}",
    eprint = "2207.14645",
    archivePrefix = "arXiv",
    primaryClass = "astro-ph.IM",
    month = "7",
    year = "2022"
}
@article{Thorne:1980ru,
    author = "Thorne, K. S.",
    title = "{Multipole Expansions of Gravitational Radiation}",
    doi = "10.1103/RevModPhys.52.299",
    journal = "Rev. Mod. Phys.",
    volume = "52",
    pages = "299--339",
    year = "1980"
}
@article{Nitz:2020oeq,
    author = "Nitz, Alexander H. and Dent, Thomas and Davies, Gareth S. and Kumar, Sumit and Capano, Collin D. and Harry, Ian and Mozzon, Simone and Nuttall, Laura and Lundgren, Andrew and T\'apai, M\'arton",
    title = "{2-OGC: Open Gravitational-wave Catalog of binary mergers from analysis of public Advanced LIGO and Virgo data}",
    eprint = "1910.05331",
    archivePrefix = "arXiv",
    primaryClass = "astro-ph.HE",
    doi = "10.3847/1538-4357/ab733f",
    journal = "Astrophys. J.",
    volume = "891",
    pages = "123",
    month = "3",
    year = "2020"
}
@online{Wei:2022aaa,
    url={https://github.com/hologerry/SoCo},
    title={Github: SoCo},
    author={Wei, Fangyun and Gao, Yue and Wu, Zhirong and Hu, Han and Lin, Stephen},
    urldate={2022-09-20},
    year={2022}
}
@article{Dollar:2012aaa,
    author={Dollar, Piotr and Wojek, Christian and Schiele, Bernt and Perona, Pietro},
    journal={IEEE Transactions on Pattern Analysis and Machine Intelligence}, 
    title={Pedestrian Detection: An Evaluation of the State of the Art}, 
    year={2012},
    volume={34},
    number={4},
    pages={743-761},
    doi={10.1109/TPAMI.2011.155}
}
@misc{Chen:2020aaa,
    doi = {10.48550/ARXIV.2011.10566},
    url = {https://arxiv.org/abs/2011.10566},
    author = {Chen, Xinlei and He, Kaiming},
    keywords = {Computer Vision and Pattern Recognition (cs.CV), Machine Learning (cs.LG), FOS: Computer and information sciences, FOS: Computer and information sciences},
    title = {Exploring Simple Siamese Representation Learning},
    publisher = {arXiv},
    year = {2020},
    copyright = {arXiv.org perpetual, non-exclusive license}
}
@article{Redmon:2016aaa,
    author = {{Redmon}, Joseph and {Farhadi}, Ali},
    title = "{YOLO9000: Better, Faster, Stronger}",
    journal = {arXiv e-prints},
    keywords = {Computer Science - Computer Vision and Pattern Recognition},
    year = {2016},
    month = {dec},
    eid = {arXiv:1612.08242},
    pages = {arXiv:1612.08242},
    archivePrefix = {arXiv},
    eprint = {1612.08242},
    primaryClass = {cs.CV},
    adsurl = {https://ui.adsabs.harvard.edu/abs/2016arXiv161208242R},
    adsnote = {Provided by the SAO/NASA Astrophysics Data System}
}
@misc{Redmon:2018aaa,
    doi = {10.48550/ARXIV.1804.02767},
    url = {https://arxiv.org/abs/1804.02767},
    author = {Redmon, Joseph and Farhadi, Ali},
    keywords = {Computer Vision and Pattern Recognition (cs.CV), FOS: Computer and information sciences, FOS: Computer and information sciences},
    title = {YOLOv3: An Incremental Improvement},
    publisher = {arXiv},
    year = {2018},
    copyright = {arXiv.org perpetual, non-exclusive license}
}
@misc{Bochkovskiy:2020aaa,
    doi = {10.48550/ARXIV.2004.10934},
    url = {https://arxiv.org/abs/2004.10934},
    author = {Bochkovskiy, Alexey and Wang, Chien-Yao and Liao, Hong-Yuan Mark},
    keywords = {Computer Vision and Pattern Recognition (cs.CV), Image and Video Processing (eess.IV), FOS: Computer and information sciences, FOS: Computer and information sciences, FOS: Electrical engineering, electronic engineering, information engineering, FOS: Electrical engineering, electronic engineering, information engineering},
    title = {YOLOv4: Optimal Speed and Accuracy of Object Detection},
    publisher = {arXiv},
    year = {2020},
    copyright = {arXiv.org perpetual, non-exclusive license}
}
@software{Jocher:2022aaa,
    author = {Glenn Jocher and Ayush Chaurasia and Alex Stoken and Jirka Borovec and NanoCode012 and Yonghye Kwon and TaoXie and Kalen Michael and Jiacong Fang and imyhxy and Lorna and Colin Wong and 曾逸夫(Zeng Yifu) and Abhiram V and Diego Montes and Zhiqiang Wang and Cristi Fati and Jebastin Nadar and Laughing and UnglvKitDe and tkianai and yxNONG and Piotr Skalski and Adam Hogan and Max Strobel and Mrinal Jain and Lorenzo Mammana and xylieong},
    title = {{ultralytics/yolov5: v6.2 - YOLOv5 Classification  Models, Apple M1, Reproducibility, ClearML and Deci.ai integrations}},
    month = {aug},
    year = {2022},
    publisher = {Zenodo},
    version = {v6.2},
    doi = {10.5281/zenodo.7002879},
    url = {https://doi.org/10.5281/zenodo.7002879}
}
@misc{Li:2022aaa,
  doi = {10.48550/ARXIV.2209.02976},
  url = {https://arxiv.org/abs/2209.02976},
  author = {Li, Chuyi and Li, Lulu and Jiang, Hongliang and Weng, Kaiheng and Geng, Yifei and Li, Liang and Ke, Zaidan and Li, Qingyuan and Cheng, Meng and Nie, Weiqiang and Li, Yiduo and Zhang, Bo and Liang, Yufei and Zhou, Linyuan and Xu, Xiaoming and Chu, Xiangxiang and Wei, Xiaoming and Wei, Xiaolin},
  keywords = {Computer Vision and Pattern Recognition (cs.CV), FOS: Computer and information sciences, FOS: Computer and information sciences},
  title = {YOLOv6: A Single-Stage Object Detection Framework for Industrial Applications},
  publisher = {arXiv},
  year = {2022},
  copyright = {arXiv.org perpetual, non-exclusive license}
}
@misc{Wang:2022aaa,
  doi = {10.48550/ARXIV.2207.02696},
  url = {https://arxiv.org/abs/2207.02696},
  author = {Wang, Chien-Yao and Bochkovskiy, Alexey and Liao, Hong-Yuan Mark},
  keywords = {Computer Vision and Pattern Recognition (cs.CV), FOS: Computer and information sciences, FOS: Computer and information sciences},
  title = {YOLOv7: Trainable bag-of-freebies sets new state-of-the-art for real-time object detectors},
  publisher = {arXiv},
  year = {2022},
  copyright = {arXiv.org perpetual, non-exclusive license}
}
@article{Nitz:2018imz,
    author = "Nitz, Alexander H. and Capano, Collin and Nielsen, Alex B. and Reyes, Steven and White, Rebecca and Brown, Duncan A. and Krishnan, Badri",
    title = "{1-OGC: The first open gravitational-wave catalog of binary mergers from analysis of public Advanced LIGO data}",
    eprint = "1811.01921",
    archivePrefix = "arXiv",
    primaryClass = "gr-qc",
    doi = "10.3847/1538-4357/ab0108",
    journal = "Astrophys. J.",
    volume = "872",
    number = "2",
    pages = "195",
    year = "2019"
}
@article{LIGOScientific:2021usb,
    author = "Abbott, R. and others",
    collaboration = "LIGO Scientific, VIRGO",
    title = "{GWTC-2.1: Deep Extended Catalog of Compact Binary Coalescences Observed by LIGO and Virgo During the First Half of the Third Observing Run}",
    eprint = "2108.01045",
    archivePrefix = "arXiv",
    primaryClass = "gr-qc",
    reportNumber = "LIGO-P2100063",
    month = "8",
    year = "2021"
}
@article{Cahillane:2022pqm,
    author = "Cahillane, Craig and Mansell, Georgia",
    title = "{Review of the Advanced LIGO Gravitational Wave Observatories Leading to Observing Run Four}",
    eprint = "2202.00847",
    archivePrefix = "arXiv",
    primaryClass = "gr-qc",
    reportNumber = "LIGO DCC P2100483",
    doi = "10.3390/galaxies10010036",
    journal = "Galaxies",
    volume = "10",
    number = "1",
    pages = "36",
    year = "2022"
}
@article{Deiana:2021niw,
    author = "Deiana, Allison McCarn and others",
    title = "{Applications and Techniques for Fast Machine Learning in Science}",
    eprint = "2110.13041",
    archivePrefix = "arXiv",
    primaryClass = "cs.LG",
    reportNumber = "FERMILAB-PUB-21-502-AD-E-SCD",
    month = "10",
    year = "2021"
}
@article{Alquraishi:2021aaa,
    title = {Machine learning in protein structure prediction},
    journal = {Current Opinion in Chemical Biology},
    volume = {65},
    pages = {1-8},
    year = {2021},
    note = {Mechanistic Biology * Machine Learning in Chemical Biology},
    issn = {1367-5931},
    doi = {https://doi.org/10.1016/j.cbpa.2021.04.005},
    url = {https://www.sciencedirect.com/science/article/pii/S1367593121000508},
    author = {Mohammed AlQuraishi}
}
@article{Butler:2018aaa,
    author={Butler, Keith T. and Davies, Daniel W. and Cartwright, Hugh and Isayev, Olexandr and Walsh, Aron},
    title={Machine learning for molecular and materials science},
    journal={Nature},
    year={2018},
    month={Jul},
    day={01},
    volume={559},
    number={7715},
    pages={547-555},
    issn={1476-4687},
    doi={10.1038/s41586-018-0337-2},
    url={https://doi.org/10.1038/s41586-018-0337-2}
}
@article{Gray:2020mcm,
    author = "Gray, Lindsey and Klijnsma, Thomas and Ghosh, Shamik",
    title = "{A Dynamic Reduction Network for Point Clouds}",
    eprint = "2003.08013",
    archivePrefix = "arXiv",
    primaryClass = "cs.CV",
    reportNumber = "FERMILAB-PUB-20-164-PPD-SCD",
    month = "3",
    year = "2020"
}
@article{Cranmer:2020wew,
    author = "Cranmer, Miles and Sanchez-Gonzalez, Alvaro and Battaglia, Peter and Xu, Rui and Cranmer, Kyle and Spergel, David and Ho, Shirley",
    title = "{Discovering Symbolic Models from Deep Learning with Inductive Biases}",
    eprint = "2006.11287",
    archivePrefix = "arXiv",
    primaryClass = "cs.LG",
    month = "6",
    year = "2020"
}
@article{Smidt:2020tuy,
    author = "Smidt, Tess E. and Geiger, Mario and Miller, Benjamin Kurt",
    title = "{Finding symmetry breaking order parameters with Euclidean neural networks}",
    eprint = "2007.02005",
    archivePrefix = "arXiv",
    primaryClass = "cs.LG",
    doi = "10.1103/PhysRevResearch.3.L012002",
    journal = "Phys. Rev. Res.",
    volume = "3",
    number = "1",
    pages = "L012002",
    year = "2021"
}
@Article{Oxley:2021aaa,
    author={Oxley, Mark P. and Ziatdinov, Maxim and Dyck, Ondrej and Lupini, Andrew R. and Vasudevan, Rama and Kalinin, Sergei V.},
    title={Probing atomic-scale symmetry breaking by rotationally invariant machine learning of multidimensional electron scattering},
    journal={npj Computational Materials},
    year={2021},
    month={May},
    day={10},
    volume={7},
    number={1},
    pages={65},
    issn={2057-3960},
    doi={10.1038/s41524-021-00527-3},
    url={https://doi.org/10.1038/s41524-021-00527-3}
}
@article{Dax:2021myb,
    author = {Dax, Maximilian and Green, Stephen R. and Gair, Jonathan and Deistler, Michael and Sch\"olkopf, Bernhard and Macke, Jakob H.},
    title = "{Group equivariant neural posterior estimation}",
    eprint = "2111.13139",
    archivePrefix = "arXiv",
    primaryClass = "cs.LG",
    month = "11",
    year = "2021"
}
@article{George:2017fbn,
    author = "George, Daniel and Shen, Hongyu and Huerta, E. A.",
    title = "{Deep Transfer Learning: A new deep learning glitch classification method for advanced LIGO}",
    eprint = "1706.07446",
    archivePrefix = "arXiv",
    primaryClass = "gr-qc",
    month = "6",
    year = "2017"
}
@article{Bahaadini:2018git,
    author = "Bahaadini, S. and Noroozi, V. and Rohani, N. and Coughlin, S. and Zevin, M. and Smith, J. R. and Kalogera, V. and Katsaggelos, A.",
    title = "{Machine learning for Gravity Spy: Glitch classification and dataset}",
    doi = "10.1016/j.ins.2018.02.068",
    journal = "Info. Sci.",
    volume = "444",
    pages = "172--186",
    year = "2018"
}
@article{Chatterjee:2019avs,
    author = "Chatterjee, Deep and Ghosh, Shaon and Brady, Patrick R. and Kapadia, Shasvath J. and Miller, Andrew L. and Nissanke, Samaya and Pannarale, Francesco",
    title = "{A Machine Learning Based Source Property Inference for Compact Binary Mergers}",
    eprint = "1911.00116",
    archivePrefix = "arXiv",
    primaryClass = "astro-ph.IM",
    doi = "10.3847/1538-4357/ab8dbe",
    journal = "Astrophys. J.",
    volume = "896",
    number = "1",
    pages = "54",
    year = "2020"
}
@article{Dax:2021tsq,
    author = {Dax, Maximilian and Green, Stephen R. and Gair, Jonathan and Macke, Jakob H. and Buonanno, Alessandra and Sch\"olkopf, Bernhard},
    title = "{Real-Time Gravitational Wave Science with Neural Posterior Estimation}",
    eprint = "2106.12594",
    archivePrefix = "arXiv",
    primaryClass = "gr-qc",
    reportNumber = "LIGO-P2100223",
    doi = "10.1103/PhysRevLett.127.241103",
    journal = "Phys. Rev. Lett.",
    volume = "127",
    number = "24",
    pages = "241103",
    year = "2021"
}
@article{McLeod:2022ccr,
    author = "McLeod, Alistair and Jacobs, Daniel and Chatterjee, Chayan and Wen, Linqing and Panther, Fiona",
    title = "{Rapid Mass Parameter Estimation of Binary Black Hole Coalescences Using Deep Learning}",
    eprint = "2201.11126",
    archivePrefix = "arXiv",
    primaryClass = "astro-ph.IM",
    month = "1",
    year = "2022"
}
@article{Morawski:2019awi,
    author = "Morawski, Filip and Bejger, Micha\l{} and Cieciel\textbackslash{}{a}g, Pawe\l{}",
    title = "{Convolutional neural network classifier for the output of the time-domain F-statistic all-sky search for continuous gravitational waves}",
    eprint = "1907.06917",
    archivePrefix = "arXiv",
    primaryClass = "astro-ph.IM",
    doi = "10.1088/2632-2153/ab86c7",
    journal = "Mach. Learn. Sci. Tech.",
    volume = "1",
    number = "2",
    pages = "025016",
    year = "2020"
}
@article{Miller:2019jtp,
    author = "Miller, Andrew L. and others",
    title = "{How effective is machine learning to detect long transient gravitational waves from neutron stars in a real search?}",
    eprint = "1909.02262",
    archivePrefix = "arXiv",
    primaryClass = "astro-ph.IM",
    doi = "10.1103/PhysRevD.100.062005",
    journal = "Phys. Rev. D", volume = "100",
    number = "6",
    pages = "062005",
    year = "2019"
}
@article{Beheshtipour:2020zhb,
    author = "Beheshtipour, Banafsheh and Papa, Maria Alessandra",
    title = "{Deep learning for clustering of continuous gravitational wave candidates}",
    eprint = "2001.03116",
    archivePrefix = "arXiv",
    primaryClass = "gr-qc",
    doi = "10.1103/PhysRevD.101.064009",
    journal = "Phys. Rev. D",
    volume = "101",
    number = "6",
    pages = "064009",
    year = "2020"
}
@article{Beheshtipour:2020nko,
    author = "Beheshtipour, B. and Papa, M. A.",
    title = "{Deep learning for clustering of continuous gravitational wave candidates II: identification of low-SNR candidates}",
    eprint = "2012.04381",
    archivePrefix = "arXiv",
    primaryClass = "gr-qc",
    doi = "10.1103/PhysRevD.103.064027",
    journal = "Phys. Rev. D",
    volume = "103",
    number = "6",
    pages = "064027",
    year = "2021"
}
@article{Yamamoto:2022adl,
    author = "Yamamoto, Takahiro S. and Miller, Andrew L. and Sieniawska, Magdalena and Tanaka, Takahiro",
    title = "{Assessing the impact of non-Gaussian noise on convolutional neural networks that search for continuous gravitational waves}",
    eprint = "2206.00882",
    archivePrefix = "arXiv",
    primaryClass = "gr-qc",
    doi = "10.1103/PhysRevD.106.024025",
    journal = "Phys. Rev. D",
    volume = "106",
    number = "2",
    pages = "024025",
    year = "2022"
}
@article{Chatterjee:2019gqr,
    author = "Chatterjee, Chayan and Wen, Linqing and Vinsen, Kevin and Kovalam, Manoj and Datta, Amitava",
    title = "{Using Deep Learning to Localize Gravitational Wave Sources}",
    eprint = "1909.06367",
    archivePrefix = "arXiv",
    primaryClass = "astro-ph.IM",
    doi = "10.1103/PhysRevD.100.103025",
    journal = "Phys. Rev. D",
    volume = "100",
    number = "10",
    pages = "103025",
    year = "2019"
}
@article{Cabero:2020eik,
    author = "Cabero, Miriam and Mahabal, Ashish and McIver, Jess",
    title = "{GWSkyNet: a real-time classifier for public gravitational-wave candidates}",
    eprint = "2010.11829",
    archivePrefix = "arXiv",
    primaryClass = "gr-qc",
    doi = "10.3847/2041-8213/abc5b5",
    journal = "Astrophys. J. Lett.",
    volume = "904",
    number = "1",
    pages = "L9",
    year = "2020"
}
@article{Jadhav:2020oyt,
    author = "Jadhav, Shreejit and Mukund, Nikhil and Gadre, Bhooshan and Mitra, Sanjit and Abraham, Sheelu",
    title = "{Improving significance of binary black hole mergers in Advanced LIGO data using deep learning: Confirmation of GW151216}",
    eprint = "2010.08584",
    archivePrefix = "arXiv",
    primaryClass = "gr-qc",
    reportNumber = "IUCAA-03/2020; LIGO-P2000399",
    doi = "10.1103/PhysRevD.104.064051",
    journal = "Phys. Rev. D",
    volume = "104",
    number = "6",
    pages = "064051",
    year = "2021"
}
@article{Mishra:2021tmu,
    author = "Mishra, Tanmaya and O'Brien, Brendan and Gayathri, V. and Szczepanczyk, Marek and Bhaumik, Shubhagata and Bartos, Imre and Klimenko, Sergey",
    title = "{Optimization of model independent gravitational wave search for binary black hole mergers using machine learning}",
    eprint = "2105.04739",
    archivePrefix = "arXiv",
    primaryClass = "gr-qc",
    reportNumber = "LIGO-P2100101",
    doi = "10.1103/PhysRevD.104.023014",
    journal = "Phys. Rev. D",
    volume = "104",
    number = "2",
    pages = "023014",
    year = "2021"
}
@article{Lopez:2021ikt,
    author = "Lopez, Dixeena and Gayathri, V. and Pai, Archana and Heng, Ik Siong and Messenger, Chris and Gupta, Sagar Kumar",
    title = "{Gaussian mixture modeling utilization in all-sky search for short-duration gravitational wave burst}",
    eprint = "2112.06608",
    archivePrefix = "arXiv",
    primaryClass = "gr-qc",
    month = "12",
    year = "2021"
}
@article{Nousi:2021arn,
    author = "Nousi, Paraskevi and Fragkouli, Styliani-Christina and Passalis, Nikolaos and Iosif, Panagiotis and Apostolatos, Theocharis and Pappas, George and Stergioulas, Nikolaos and Tefas, Anastasios",
    title = "{Autoencoder-driven Spiral Representation Learning for Gravitational Wave Surrogate Modelling}",
    eprint = "2107.04312",
    archivePrefix = "arXiv",
    primaryClass = "cs.LG",
    reportNumber = "VIR-0678B-21",
    month = "7",
    year = "2021"
}
@article{Fragkouli:2022lpt,
    author = "Fragkouli, Styliani-Christina and Nousi, Paraskevi and Passalis, Nikolaos and Iosif, Panagiotis and Stergioulas, Nikolaos and Tefas, Anastasios",
    title = "{Deep Residual Error and Bag-of-Tricks Learning for Gravitational Wave Surrogate Modeling}",
    eprint = "2203.08434",
    archivePrefix = "arXiv",
    primaryClass = "astro-ph.IM",
    month = "3",
    year = "2022"
}
@article{Morawski:2021kxv,
    author = "Morawski, Filip and Bejger, Micha\l{} and Cuoco, Elena and Petre, Luigia",
    title = "{Anomaly detection in gravitational waves data using convolutional autoencoders}",
    eprint = "2103.07688",
    archivePrefix = "arXiv",
    primaryClass = "astro-ph.IM",
    doi = "10.1088/2632-2153/abf3d0",
    journal = "Mach. Learn. Sci. Tech.",
    volume = "2",
    number = "4",
    pages = "045014",
    year = "2021"
}
@article{Schafer:2021cml,
    author = {Sch\"afer, Marlin B. and Nitz, Alexander H.},
    title = "{From one to many: A deep learning coincident gravitational-wave search}",
    eprint = "2108.10715",
    archivePrefix = "arXiv",
    primaryClass = "astro-ph.IM",
    doi = "10.1103/PhysRevD.105.043003",
    journal = "Phys. Rev. D",
    volume = "105",
    number = "4",
    pages = "043003",
    year = "2022"
}
@article{Khan:2021vbf,
    author = "Khan, Asad and Huerta, E. A.",
    title = "{AI and extreme scale computing to learn and infer the physics of higher order gravitational wave modes of quasi-circular, spinning, non-precessing binary black hole mergers}",
    eprint = "2112.07669",
    archivePrefix = "arXiv",
    primaryClass = "astro-ph.IM",
    month = "12",
    year = "2021"
}
@article{Ruan:2021fxq,
    author = "Ruan, Wen-Hong and Wang, He and Liu, Chang and Guo, Zong-Kuan",
    title = "{Rapid search for massive black hole binary coalescences using deep learning}",
    eprint = "2111.14546",
    archivePrefix = "arXiv",
    primaryClass = "astro-ph.IM",
    month = "11",
    year = "2021"
}
@article{Chaturvedi:2022suc,
    author = "Chaturvedi, Pranshu and Khan, Asad and Tian, Minyang and Huerta, E. A. and Zheng, Huihuo",
    title = "{Inference-optimized AI and high performance computing for gravitational wave detection at scale}",
    eprint = "2201.11133",
    archivePrefix = "arXiv",
    primaryClass = "gr-qc",
    month = "1",
    year = "2022"
}
@article{Baltus:2022pep,
    author = "Baltus, Gr\'egory and Janquart, Justin and Lopez, Melissa and Narola, Harsh and Cudell, Jean-Ren\'e",
    title = "{Convolutional neural network for gravitational-wave early alert: Going down in frequency}",
    eprint = "2205.04750",
    archivePrefix = "arXiv",
    primaryClass = "gr-qc",
    month = "5",
    year = "2022"
}
@article{Moreno:2021fvp,
    author = "Moreno, Eric A. and Borzyszkowski, Bartlomiej and Pierini, Maurizio and Vlimant, Jean-Roch and Spiropulu, Maria",
    title = "{Source-agnostic gravitational-wave detection with recurrent autoencoders}",
    eprint = "2107.12698",
    archivePrefix = "arXiv",
    primaryClass = "gr-qc",
    doi = "10.1088/2632-2153/ac5435",
    journal = "Mach. Learn. Sci. Tech.",
    volume = "3",
    number = "2",
    pages = "025001",
    year = "2022"
}
@article{Bacon:2022lsm,
    author = "Bacon, P. and Trovato, A. and Bejger, M.",
    title = "{Denoising gravitational-wave signals from binary black holes with dilated convolutional autoencoder}",
    eprint = "2205.13513",
    archivePrefix = "arXiv",
    primaryClass = "gr-qc",
    month = "5",
    year = "2022"
}
@online{EGO:2021aaa,
    url={https://www.kaggle.com/competitions/g2net-gravitational-wave-detection/overview},
    title={G2Net Gravitational Wave Detection Kaggle Challenge},
    author = {European Gravitational Observatory - EGO},
    year = {2021},
    url = {https://github.com/gwastro/ml-mock-data-challenge-1},
    urldate = {2022-08-10}
}
@online{github,
    title = {MLGWSC-1 Github repository},
    author = {Schäfer, Marlin and Zelenka, Ond\v{r}ej},
    year = {2021},
    url = {https://github.com/gwastro/ml-mock-data-challenge-1},
    urldate = {2022-02-23}
}
@online{hdf5,
    author = {{The HDF Group}},
    title = "{Hierarchical Data Format, version 5}",
    year = {1997-2022},
    url = {https://www.hdfgroup.org/HDF5/}
}
@article{LIGOScientific:2007npa,
    author = "Abbott, B. and others",
    collaboration = "LIGO Scientific",
    title = "{Search for gravitational waves from binary inspirals in S3 and S4 LIGO data}",
    eprint = "0704.3368",
    archivePrefix = "arXiv",
    primaryClass = "gr-qc",
    doi = "10.1103/PhysRevD.77.062002",
    journal = "Phys. Rev. D",
    volume = "77",
    pages = "062002",
    year = "2008"
}
@article{Wang:2019zaj,
    author = "Wang, He and Wu, Shichao and Cao, Zhoujian and Liu, Xiaolin and Zhu, Jian-Yang",
    title = "{Gravitational-wave signal recognition of LIGO data by deep learning}",
    eprint = "1909.13442",
    archivePrefix = "arXiv",
    primaryClass = "astro-ph.IM",
    doi = "10.1103/PhysRevD.101.104003",
    journal = "Phys. Rev. D",
    volume = "101",
    number = "10",
    pages = "104003",
    year = "2020"
}
@misc{Chen:2015aaa,
    doi = {10.48550/ARXIV.1512.01274},
    url = {https://arxiv.org/abs/1512.01274},
    author = {Chen, Tianqi and Li, Mu and Li, Yutian and Lin, Min and Wang, Naiyan and Wang, Minjie and Xiao, Tianjun and Xu, Bing and Zhang, Chiyuan and Zhang, Zheng},
    keywords = {Distributed, Parallel, and Cluster Computing (cs.DC), Machine Learning (cs.LG), Mathematical Software (cs.MS), Neural and Evolutionary Computing (cs.NE), FOS: Computer and information sciences, FOS: Computer and information sciences},
    title = {MXNet: A Flexible and Efficient Machine Learning Library for Heterogeneous Distributed Systems},
    publisher = {arXiv},
    year = {2015},
    copyright = {Creative Commons Attribution 4.0 International}
}
@misc{Howard:2019aaa,
    doi = {10.48550/ARXIV.1905.02244},
    url = {https://arxiv.org/abs/1905.02244},
    author = {Howard, Andrew and Sandler, Mark and Chu, Grace and Chen, Liang-Chieh and Chen, Bo and Tan, Mingxing and Wang, Weijun and Zhu, Yukun and Pang, Ruoming and Vasudevan, Vijay and Le, Quoc V. and Adam, Hartwig},
    keywords = {Computer Vision and Pattern Recognition (cs.CV), FOS: Computer and information sciences, FOS: Computer and information sciences},
    title = {Searching for MobileNetV3},
    publisher = {arXiv},
    year = {2019},
    copyright = {arXiv.org perpetual, non-exclusive license}
}
@article{Cabero:2019orq,
    author = "Cabero, Miriam and others",
    title = "{Blip glitches in Advanced LIGO data}",
    eprint = "1901.05093",
    archivePrefix = "arXiv",
    primaryClass = "physics.ins-det",
    doi = "10.1088/1361-6382/ab2e14",
    journal = "Class. Quant. Grav.",
    volume = "36",
    number = "15",
    pages = "15",
    year = "2019"
}
@article{Davis:2022dnd,
    author = "Davis, Derek and Walker, Marissa",
    title = "{Detector Characterization and Mitigation of Noise in Ground-Based Gravitational-Wave Interferometers}",
    doi = "10.3390/galaxies10010012",
    journal = "Galaxies",
    volume = "10",
    number = "1",
    pages = "12",
    year = "2022"
}
@article{Nitz:2017lco,
    author = "Nitz, Alexander Harvey",
    title = "{Distinguishing short duration noise transients in LIGO data to improve the PyCBC search for gravitational waves from high mass binary black hole mergers}",
    eprint = "1709.08974",
    archivePrefix = "arXiv",
    primaryClass = "gr-qc",
    reportNumber = "LIGO-P1700275",
    doi = "10.1088/1361-6382/aaa13d",
    journal = "Class. Quant. Grav.",
    volume = "35",
    number = "3",
    pages = "035016",
    year = "2018"
}
@online{githubCnnCoinc,
    title = {CNN-Coinc Github repository},
    author = {Schäfer, Marlin},
    year = {2022},
    url = {https://github.com/MarlinSchaefer/cnn-coinc},
    urldate = {2022-06-15}
}
@article{passalis2019deep,
    title={Deep adaptive input normalization for time series forecasting},
    author={Passalis, Nikolaos and Tefas, Anastasios and Kanniainen, Juho and Gabbouj, Moncef and Iosifidis, Alexandros},
    journal={IEEE Transactions on Neural Networks and Learning Systems},
    volume={31},
    number={9},
    pages={3760--3765},
    year={2019},
}
@article{SoftX,
    title = {coherent WaveBurst, a pipeline for unmodeled gravitational-wave data analysis},
    journal = {SoftwareX},
    volume = {14},
    pages = {100678},
    year = {2021},
    issn = {2352-7110},
    doi = {https://doi.org/10.1016/j.softx.2021.100678},
    url = {https://www.sciencedirect.com/science/article/pii/S2352711021000236},
    author = {Marco Drago and Sergey Klimenko and Claudia Lazzaro and Edoardo Milotti and Guenakh Mitselmakher and Valentin Necula and Brendan O’Brian and Giovanni Andrea Prodi and Francesco Salemi and Marek Szczepanczyk and Shubhanshu Tiwari and Vaibhav Tiwari and Gayathri V and Gabriele Vedovato and Igor Yakushin},
    keywords = {Gravitational waves, Signal processing, Wavelets},
}
@software{zenodo,
    author       = {Klimenko, Sergey and
    Vedovato, Gabriele and
    Necula, Valentin and
    Salemi, Francesco and
    Drago, Marco and
    Poulton, Rhys and
    Chassande-Mottin, Eric and
    Tiwari, Vaibhav and
    Lazzaro, Claudia and
    O'Brian, Brendan and
    Szczepanczyk, Marek and
    Tiwari, Shubhanshu and
    V. Gayathri},
    title        = {cWB pipeline library: 6.4.1},
    month        = {dec},
    year         = {2021},
    publisher    = {Zenodo},
    version      = {cWB-6.4.1},
    doi          = {10.5281/zenodo.5798976},
    url          = {https://doi.org/10.5281/zenodo.5798976}
}
@misc{cWBhomepage,
    Title = {{coherent WaveBurst Homepage}},
    Url = {https://gwburst.gitlab.io/},
    year = {2021},
    Author = {cWB Development Team},
}
@inproceedings{XGBoost,
    author = {Chen, Tianqi and Guestrin, Carlos},
    title = {{XGBoost}: A Scalable Tree Boosting System},
    booktitle = {Proceedings of the 22nd ACM SIGKDD International Conference on Knowledge Discovery and Data Mining},
    series = {KDD '16},
    year = {2016},
    isbn = {978-1-4503-4232-2},
    location = {San Francisco, California, USA},
    pages = {785--794},
    numpages = {10},
    url = {http://doi.acm.org/10.1145/2939672.2939785},
    doi = {10.1145/2939672.2939785},
    acmid = {2939785},
    publisher = {ACM},
    address = {New York, NY, USA},
    keywords = {large-scale machine learning},
}
@article{PowerLawPeak,
    title={Measuring the Binary Black Hole Mass Spectrum with an Astrophysically Motivated Parameterization},
    volume={856},
    ISSN={1538-4357},
    url={http://dx.doi.org/10.3847/1538-4357/aab34c},
    DOI={10.3847/1538-4357/aab34c},
    number={2},
    journal={The Astrophysical Journal},
    publisher={American Astronomical Society},
    author={Talbot, Colm and Thrane, Eric},
    year={2018},
    month={Apr},
    pages={173}
}
@article{LIGOScientific:2014qfs,
    author = "Aasi, J. and others",
    collaboration = "LIGO Scientific, VIRGO",
    title = "{Characterization of the LIGO detectors during their sixth science run}",
    eprint = "1410.7764",
    archivePrefix = "arXiv",
    primaryClass = "gr-qc",
    doi = "10.1088/0264-9381/32/11/115012",
    journal = "Class. Quant. Grav.",
    volume = "32",
    number = "11",
    pages = "115012",
    year = "2015"
}
@article{LIGOScientific:2016gtq,
    author = "Abbott, B. P. and others",
    collaboration = "LIGO Scientific, Virgo",
    title = "{Characterization of transient noise in Advanced LIGO relevant to gravitational wave signal GW150914}",
    eprint = "1602.03844",
    archivePrefix = "arXiv",
    primaryClass = "gr-qc",
    doi = "10.1088/0264-9381/33/13/134001",
    journal = "Class. Quant. Grav.",
    volume = "33",
    number = "13",
    pages = "134001",
    year = "2016"
}
@article{Davis:2022cmw,
    author = "Davis, Derek and Trevor, Max and Mozzon, Simone and Nuttall, Laura K.",
    title = "{Incorporating information from LIGO data quality streams into the PyCBC search for gravitational waves}",
    eprint = "2204.03091",
    archivePrefix = "arXiv",
    primaryClass = "gr-qc",
    reportNumber = "LIGO-P2200078",
    month = "4",
    year = "2022"
}
@article{LIGOScientific:2016fbo,
    author = "Abbott, B. P. and others",
    collaboration = "LIGO Scientific, Virgo",
    title = "{Observing gravitational-wave transient GW150914 with minimal assumptions}",
    eprint = "1602.03843",
    archivePrefix = "arXiv",
    primaryClass = "gr-qc",
    doi = "10.1103/PhysRevD.93.122004",
    journal = "Phys. Rev. D",
    volume = "93",
    number = "12",
    pages = "122004",
    year = "2016",
    note = "[Addendum: Phys.Rev.D 94, 069903 (2016)]"
}
@article{Cokelaer:2007kx,
    author = "Cokelaer, Thomas",
    title = "{Gravitational waves from inspiralling compact binaries: Hexagonal template placement and its efficiency in detecting physical signals}",
    eprint = "0706.4437",
    archivePrefix = "arXiv",
    primaryClass = "gr-qc",
    doi = "10.1103/PhysRevD.76.102004",
    journal = "Phys. Rev. D",
    volume = "76",
    pages = "102004",
    year = "2007"
}
@article{Dhurkunde:2021csz,
    author = "Dhurkunde, Rahul and Fehrmann, Henning and Nitz, Alexander H.",
    title = "{Hierarchical approach to matched filtering using a reduced basis}",
    eprint = "2110.13115",
    archivePrefix = "arXiv",
    primaryClass = "astro-ph.IM",
    doi = "10.1103/PhysRevD.105.103001",
    journal = "Phys. Rev. D",
    volume = "105",
    number = "10",
    pages = "103001",
    year = "2022"
}
@inproceedings{Schmitt:2019aaa,
    author = {Schmitt, Alexander and Fu, Kaiyu and Fan, Siyu and Luo, Yuan},
    title = {Investigating Deep Neural Networks for Gravitational Wave Detection in Advanced LIGO Data},
    year = {2019},
    isbn = {9781450371728},
    publisher = {Association for Computing Machinery},
    address = {New York, NY, USA},
    url = {https://doi.org/10.1145/3339363.3339377},
    doi = {10.1145/3339363.3339377},
    booktitle = {Proceedings of the 2nd International Conference on Computer Science and Software Engineering},
    pages = {73–78},
    numpages = {6},
    keywords = {Deep Learning, Convolutional Neural Network, Long Short-Term Memory, Temporal Convolutional Network, Laser Interferometer Gravitational-Wave Observatory, Gravitational Wave, Gated Recurrent Unit},
    location = {Xi'an, China},
    series = {CSSE 2019}
}
@article{Tan:2019aaa,
    doi = {10.48550/ARXIV.1911.09070},
    url = {https://arxiv.org/abs/1911.09070},
    author = {Tan, Mingxing and Pang, Ruoming and Le, Quoc V.},
    keywords = {Computer Vision and Pattern Recognition (cs.CV), Machine Learning (cs.LG), Image and Video Processing (eess.IV), FOS: Computer and information sciences, FOS: Computer and information sciences, FOS: Electrical engineering, electronic engineering, information engineering, FOS: Electrical engineering, electronic engineering, information engineering},
    title = {EfficientDet: Scalable and Efficient Object Detection},
    publisher = {arXiv},
    year = {2019},
    copyright = {arXiv.org perpetual, non-exclusive license}
}
@article{Tan:2019aab,
    doi = {10.48550/ARXIV.1905.11946},
    url = {https://arxiv.org/abs/1905.11946},
    author = {Tan, Mingxing and Le, Quoc V.},
    keywords = {Machine Learning (cs.LG), Computer Vision and Pattern Recognition (cs.CV), Machine Learning (stat.ML), FOS: Computer and information sciences, FOS: Computer and information sciences},
    title = {EfficientNet: Rethinking Model Scaling for Convolutional Neural Networks},
    publisher = {arXiv},
    year = {2019},
    copyright = {arXiv.org perpetual, non-exclusive license}
}
@misc{Tian:2019aaa,
    doi = {10.48550/ARXIV.1904.01355},
    url = {https://arxiv.org/abs/1904.01355},
    author = {Tian, Zhi and Shen, Chunhua and Chen, Hao and He, Tong},
    keywords = {Computer Vision and Pattern Recognition (cs.CV), FOS: Computer and information sciences, FOS: Computer and information sciences},
    title = {FCOS: Fully Convolutional One-Stage Object Detection},
    publisher = {arXiv},
    year = {2019},
    copyright = {Creative Commons Attribution Non Commercial Share Alike 4.0 International}
}
@article{Hughes:2000aaa,
    doi = {10.1086/312438},
    url = {https://doi.org/10.1086/312438},
    year = {2000},
    month = {jan},
    publisher = {American Astronomical Society},
    volume = {528},
    number = {2},
    pages = {L109--L113},
    author = {John P. Hughes and Cara E. Rakowski and David N. Burrows and Patrick O. Slane},
    title = {Nucleosynthesis and Mixing in Cassiopeia A},
    journal = {The Astrophysical Journal}
}
@article{Herschel:2012aaa,
    author = {Herschel, William},
    title = "{‘The Scientific Papers of Sir William Herschel’ at 100}",
    journal = {Astronomy \& Geophysics},
    volume = {53},
    number = {2},
    pages = {2.13-2.13},
    year = {2012},
    month = {04},
    issn = {1366-8781},
    doi = {10.1111/j.1468-4004.2012.53213.x},
    url = {https://doi.org/10.1111/j.1468-4004.2012.53213.x},
    eprint = {https://academic.oup.com/astrogeo/article-pdf/53/2/2.13/19333277/53-2-2.13.pdf},
}
@article{Penzias:1965aaa,
    author = {{Penzias}, A.~A. and {Wilson}, R.~W.},
    title = "{A Measurement of Excess Antenna Temperature at 4080 Mc/s.}",
    journal = {The Astrophysical Journal},
    keywords = {Microwave Background, Cosmic Background Radiation},
    year = {1965},
    month = {jul},
    volume = {142},
    pages = {419-421},
    doi = {10.1086/148307},
    adsurl = {https://ui.adsabs.harvard.edu/abs/1965ApJ...142..419P},
    adsnote = {Provided by the SAO/NASA Astrophysics Data System}
}
@article{Gardner:2006ky,
    author = "Gardner, Jonathan P. and others",
    title = "{The James Webb Space Telescope}",
    eprint = "astro-ph/0606175",
    archivePrefix = "arXiv",
    doi = "10.1007/s11214-006-8315-7",
    journal = "Space Sci. Rev.",
    volume = "123",
    pages = "485",
    year = "2006"
}
@article{Klebesadel:1973aaa,
    author = {{Klebesadel}, Ray W. and {Strong}, Ian B. and {Olson}, Roy A.},
    title = "{Observations of Gamma-Ray Bursts of Cosmic Origin}",
    journal = {The Astrophysical Journal Letters},
    year = {1973},
    month = {jun},
    volume = {182},
    pages = {L85},
    doi = {10.1086/181225},
    adsurl = {https://ui.adsabs.harvard.edu/abs/1973ApJ...182L..85K},
    adsnote = {Provided by the SAO/NASA Astrophysics Data System}
}
@article{Coulter:2017wya,
    author = "Coulter, D. A. and others",
    title = "{Swope Supernova Survey 2017a (SSS17a), the Optical Counterpart to a Gravitational Wave Source}",
    eprint = "1710.05452",
    archivePrefix = "arXiv",
    primaryClass = "astro-ph.HE",
    doi = "10.1126/science.aap9811",
    journal = "Science",
    volume = "358",
    pages = "1556",
    year = "2017"
}
@article{Nollert:1999ji,
    author = "Nollert, Hans-Peter",
    title = "{TOPICAL REVIEW: Quasinormal modes: the characteristic `sound' of black holes and neutron stars}",
    doi = "10.1088/0264-9381/16/12/201",
    journal = "Class. Quant. Grav.",
    volume = "16",
    pages = "R159--R216",
    year = "1999"
}
@article{Carter:1971zc,
    author = "Carter, B.",
    title = "{Axisymmetric Black Hole Has Only Two Degrees of Freedom}",
    doi = "10.1103/PhysRevLett.26.331",
    journal = "Phys. Rev. Lett.",
    volume = "26",
    pages = "331--333",
    year = "1971"
}
@article{Israel:1967wq,
    author = "Israel, Werner",
    title = "{Event horizons in static vacuum space-times}",
    doi = "10.1103/PhysRev.164.1776",
    journal = "Phys. Rev.",
    volume = "164",
    pages = "1776--1779",
    year = "1967"
}
@article{Hawking:1971tu,
    author = "Hawking, S. W.",
    title = "{Gravitational radiation from colliding black holes}",
    doi = "10.1103/PhysRevLett.26.1344",
    journal = "Phys. Rev. Lett.",
    volume = "26",
    pages = "1344--1346",
    year = "1971"
}
@article{Hawking:1971vc,
    author = "Hawking, S. W.",
    title = "{Black holes in general relativity}",
    doi = "10.1007/BF01877517",
    journal = "Commun. Math. Phys.",
    volume = "25",
    pages = "152--166",
    year = "1972"
}
@article{Bauswein:2012ya,
    author = "Bauswein, A. and Janka, H. T. and Hebeler, K. and Schwenk, A.",
    title = "{Equation-of-state dependence of the gravitational-wave signal from the ring-down phase of neutron-star mergers}",
    eprint = "1204.1888",
    archivePrefix = "arXiv",
    primaryClass = "astro-ph.SR",
    doi = "10.1103/PhysRevD.86.063001",
    journal = "Phys. Rev. D",
    volume = "86",
    pages = "063001",
    year = "2012"
}
@article{Matsakis:1997aaa,
       author = {{Matsakis}, D.~N. and {Taylor}, J.~H. and {Eubanks}, T. Marshall},
        title = "{A statistic for describing pulsar and clock stabilities.}",
      journal = {Astronomy and Astrophysics},
     keywords = {TIME, PULSARS:GENERAL, PULSARS: INDIVIDUAL: PSR B1937+21, PSR B1855+09},
         year = {1997},
        month = {oct},
       volume = {326},
        pages = {924-928},
       adsurl = {https://ui.adsabs.harvard.edu/abs/1997A&A...326..924M},
      adsnote = {Provided by the SAO/NASA Astrophysics Data System}
}
@article{Verbiest:2009aaa,
    doi = {10.1111/j.1365-2966.2009.15508.x},
    url = {https://doi.org/10.1111%2Fj.1365-2966.2009.15508.x},
    year = 2009,
    month = {dec},
    publisher = {Oxford University Press ({OUP})},
    volume = {400},
    number = {2},
    pages = {951--968},
    author = {J. P. W. Verbiest and M. Bailes and W. A. Coles and G. B. Hobbs and W. van Straten and D. J. Champion and F. A. Jenet and R. N. Manchester and N. D. R. Bhat and J. M. Sarkissian and D. Yardley and S. Burke-Spolaor and A. W. Hotan and X. P. You},
    title = {Timing stability of millisecond pulsars and prospects for gravitational-wave detection},
    journal = {Monthly Notices of the Royal Astronomical Society}
}
@article{Lasky:2015uia,
    author = "Lasky, Paul D.",
    title = "{Gravitational Waves from Neutron Stars: A Review}",
    eprint = "1508.06643",
    archivePrefix = "arXiv",
    primaryClass = "astro-ph.HE",
    doi = "10.1017/pasa.2015.35",
    journal = "Publ. Astron. Soc. Austral.",
    volume = "32",
    pages = "e034",
    year = "2015"
}
@article{Ratra:2007sa,
    author = "Ratra, Bharat and Vogeley, Michael S.",
    title = "{The Beginning and Evolution of the Universe}",
    eprint = "0706.1565",
    archivePrefix = "arXiv",
    primaryClass = "astro-ph",
    reportNumber = "KSUPT-07-1",
    doi = "10.1086/529495",
    journal = "Publ. Astron. Soc. Pac.",
    volume = "120",
    pages = "235--265",
    year = "2008"
}
@article{Schafer:2022dxv,
    author = {Sch\"afer, Marlin B. and others},
    title = "{MLGWSC-1: The first Machine Learning Gravitational-Wave Search Mock Data Challenge}",
    eprint = "2209.11146",
    archivePrefix = "arXiv",
    primaryClass = "astro-ph.IM",
    month = "9",
    year = "2022"
}
@article{Weisberg:2004hi,
    author = "Weisberg, Joel M. and Taylor, Joseph H.",
    title = "{Relativistic binary pulsar B1913+16: Thirty years of observations and analysis}",
    eprint = "astro-ph/0407149",
    archivePrefix = "arXiv",
    journal = "ASP Conf. Ser.",
    volume = "328",
    pages = "25",
    year = "2005"
}
@article{Nitz:2020vym,
    author = {Nitz, Alexander H. and Sch\"afer, Marlin and Dal Canton, Tito},
    title = "{Gravitational-wave Merger Forecasting: Scenarios for the Early Detection and Localization of Compact-binary Mergers with Ground-based Observatories}",
    eprint = "2009.04439",
    archivePrefix = "arXiv",
    primaryClass = "astro-ph.HE",
    doi = "10.3847/2041-8213/abbc10",
    journal = "Astrophys. J. Lett.",
    volume = "902",
    pages = "L29",
    year = "2020"
}
@article{Monitor:2017mdv,
    author = "Abbott, B.P. and others",
    collaboration = "LIGO Scientific, Virgo, Fermi-GBM, INTEGRAL",
    title = "{Gravitational Waves and Gamma-rays from a Binary Neutron Star Merger: GW170817 and GRB 170817A}",
    eprint = "1710.05834",
    archivePrefix = "arXiv",
    primaryClass = "astro-ph.HE",
    reportNumber = "LIGO-P1700308",
    doi = "10.3847/2041-8213/aa920c",
    journal = "Astrophys. J. Lett.",
    volume = "848",
    number = "2",
    pages = "L13",
    year = "2017"
}
@article{LIGOScientific:2018hze,
    author = "Abbott, B. P. and others",
    collaboration = "LIGO Scientific, Virgo",
    title = "{Properties of the binary neutron star merger GW170817}",
    eprint = "1805.11579",
    archivePrefix = "arXiv",
    primaryClass = "gr-qc",
    doi = "10.1103/PhysRevX.9.011001",
    journal = "Phys. Rev. X",
    volume = "9",
    number = "1",
    pages = "011001",
    year = "2019"
}
@article{Radice:2017lry,
    author = "Radice, David and Perego, Albino and Zappa, Francesco and Bernuzzi, Sebastiano",
    title = "{GW170817: Joint Constraint on the Neutron Star Equation of State from Multimessenger Observations}",
    eprint = "1711.03647",
    archivePrefix = "arXiv",
    primaryClass = "astro-ph.HE",
    reportNumber = "LIGO-P1700421, VIR-0894A-17",
    doi = "10.3847/2041-8213/aaa402",
    journal = "Astrophys. J. Lett.",
    volume = "852",
    number = "2",
    pages = "L29",
    year = "2018"
}
@article{Kiuchi:2019lls,
    author = "Kiuchi, Kenta and Kyutoku, Koutarou and Shibata, Masaru and Taniguchi, Keisuke",
    title = "{Revisiting the lower bound on tidal deformability derived by AT 2017gfo}",
    eprint = "1903.01466",
    archivePrefix = "arXiv",
    primaryClass = "astro-ph.HE",
    doi = "10.3847/2041-8213/ab1e45",
    journal = "Astrophys. J. Lett.",
    volume = "876",
    number = "2",
    pages = "L31",
    year = "2019"
}
@article{LIGOScientific:2019eut,
    author = "Abbott, Benjamin P and others",
    collaboration = "LIGO Scientific, Virgo",
    title = "{Model comparison from LIGO\textendash{}Virgo data on GW170817\textquoteright{}s binary components and consequences for the merger remnant}",
    eprint = "1908.01012",
    archivePrefix = "arXiv",
    primaryClass = "gr-qc",
    reportNumber = "LIGO-P1800379",
    doi = "10.1088/1361-6382/ab5f7c",
    journal = "Class. Quant. Grav.",
    volume = "37",
    number = "4",
    pages = "045006",
    year = "2020"
}
@article{Guidorzi:2017ogy,
    author = "Guidorzi, C. and others",
    title = "{Improved Constraints on $H_0$ from a Combined Analysis of Gravitational-wave and Electromagnetic Emission from GW170817}",
    eprint = "1710.06426",
    archivePrefix = "arXiv",
    primaryClass = "astro-ph.CO",
    reportNumber = "FERMILAB-PUB-17-469-A",
    doi = "10.3847/2041-8213/aaa009",
    journal = "Astrophys. J. Lett.",
    volume = "851",
    number = "2",
    pages = "L36",
    year = "2017"
}
@article{Hotokezaka:2018dfi,
    author = "Hotokezaka, Kenta and Nakar, Ehud and Gottlieb, Ore and Nissanke, Samaya and Masuda, Kento and Hallinan, Gregg and Mooley, Kunal P. and Deller, Adam. T.",
    title = "{A Hubble constant measurement from superluminal motion of the jet in GW170817}",
    eprint = "1806.10596",
    archivePrefix = "arXiv",
    primaryClass = "astro-ph.CO",
    doi = "10.1038/s41550-019-0820-1",
    journal = "Nature Astron.",
    volume = "3",
    number = "10",
    pages = "940--944",
    year = "2019"
}
@article{Metzger:2019zeh,
    author = "Metzger, Brian D.",
    title = "{Kilonovae}",
    eprint = "1910.01617",
    archivePrefix = "arXiv",
    primaryClass = "astro-ph.HE",
    doi = "10.1007/s41114-019-0024-0",
    journal = "Living Rev. Rel.",
    volume = "23",
    number = "1",
    pages = "1",
    year = "2020"
}
@article{Murguia-Berthier:2020tfs,
    author = "Murguia-Berthier, Ariadna and Ramirez-Ruiz, Enrico and De Colle, Fabio and Janiuk, Agnieszka and Rosswog, Stephan and Lee, William H.",
    title = "{The Fate of the Merger Remnant in GW170817 and its Imprint on the Jet Structure}",
    eprint = "2007.12245",
    archivePrefix = "arXiv",
    primaryClass = "astro-ph.HE",
    doi = "10.3847/1538-4357/abd08e",
    journal = "Astrophys. J.",
    volume = "908",
    number = "2",
    pages = "152",
    year = "2021"
}
@article{Wu:2019rla,
    author = "Wu, Yiyang and MacFadyen, Andrew",
    title = "{GW170817 Afterglow Reveals that Short Gamma-Ray Bursts are Neutron Star Mergers}",
    eprint = "1905.02665",
    archivePrefix = "arXiv",
    primaryClass = "astro-ph.HE",
    doi = "10.3847/2041-8213/ab2fd4",
    journal = "Astrophys. J. Lett.",
    volume = "880",
    number = "2",
    pages = "L23",
    year = "2019"
}
@article{Lazzati:2020vbo,
    author = "Lazzati, Davide and Ciolfi, Riccardo and Perna, Rosalba",
    title = "{Intrinsic properties of the engine and jet that powered the short gamma-ray burst associated with GW170817}",
    eprint = "2004.10210",
    archivePrefix = "arXiv",
    primaryClass = "astro-ph.HE",
    doi = "10.3847/1538-4357/ab9a44",
    journal = "Astrophys. J.",
    volume = "898",
    number = "1",
    pages = "59",
    year = "2020"
}
@article{Arcavi:2018mzm,
    author = "Arcavi, Iair",
    title = "{The First Hours of the GW170817 Kilonova and the Importance of Early Optical and Ultraviolet Observations for Constraining Emission Models}",
    eprint = "1802.02164",
    archivePrefix = "arXiv",
    primaryClass = "astro-ph.HE",
    doi = "10.3847/2041-8213/aab267",
    journal = "Astrophys. J. Lett.",
    volume = "855",
    number = "2",
    pages = "L23",
    year = "2018"
}
@article{Hansen:2000am,
    author = "Hansen, Brad M. S. and Lyutikov, Maxim",
    title = "{Radio and x-ray signatures of merging neutron stars}",
    eprint = "astro-ph/0003218",
    archivePrefix = "arXiv",
    reportNumber = "CITA-99-27",
    doi = "10.1046/j.1365-8711.2001.04103.x",
    journal = "Mon. Not. Roy. Astron. Soc.",
    volume = "322",
    pages = "695",
    year = "2001"
}
@article{Troja:2010zm,
    author = "Troja, Eleonora and Rosswog, Stephan and Gehrels, Neil",
    title = "{Precursors of short gamma-ray bursts}",
    eprint = "1009.1385",
    archivePrefix = "arXiv",
    primaryClass = "astro-ph.HE",
    doi = "10.1088/0004-637X/723/2/1711",
    journal = "Astrophys. J.",
    volume = "723",
    pages = "1711--1717",
    year = "2010"
}
@article{Tsang:2011ad,
    author = "Tsang, David and Read, Jocelyn S. and Hinderer, Tanja and Piro, Anthony L. and Bondarescu, Ruxandra",
    title = "{Resonant Shattering of Neutron Star Crusts}",
    eprint = "1110.0467",
    archivePrefix = "arXiv",
    primaryClass = "astro-ph.HE",
    doi = "10.1103/PhysRevLett.108.011102",
    journal = "Phys. Rev. Lett.",
    volume = "108",
    pages = "011102",
    year = "2012"
}
@article{Metzger:2016mqu,
    author = "Metzger, Brian D. and Zivancev, Charles",
    title = "{Pair Fireball Precursors of Neutron Star Mergers}",
    eprint = "1605.01060",
    archivePrefix = "arXiv",
    primaryClass = "astro-ph.HE",
    doi = "10.1093/mnras/stw1800",
    journal = "Mon. Not. Roy. Astron. Soc.",
    volume = "461",
    number = "4",
    pages = "4435--4440",
    year = "2016"
}
@article{Wang:2016dgs,
    author = "Wang, Jie-Shuang and Yang, Yuan-Pei and Wu, Xue-Feng and Dai, Zi-Gao and Wang, Fa-Yin",
    title = "{Fast Radio Bursts from the Inspiral of Double Neutron Stars}",
    eprint = "1603.02014",
    archivePrefix = "arXiv",
    primaryClass = "astro-ph.HE",
    doi = "10.3847/2041-8205/822/1/L7",
    journal = "Astrophys. J. Lett.",
    volume = "822",
    number = "1",
    pages = "L7",
    year = "2016"
}
@article{Wada:2020kha,
    author = "Wada, Tomoki and Shibata, Masaru and Ioka, Kunihito",
    title = "{Analytic properties of the electromagnetic field of binary compact stars and electromagnetic precursors to gravitational waves}",
    eprint = "2008.04661",
    archivePrefix = "arXiv",
    primaryClass = "astro-ph.HE",
    reportNumber = "YITP-20-108",
    doi = "10.1093/ptep/ptaa126",
    journal = "PTEP",
    volume = "2020",
    number = "10",
    pages = "103E01",
    year = "2020"
}
@misc{Barsotti:2018aaa,
    Author = {Barsotti, L. and McCuller, L1. and Evans, M. and Fritchel, P.},
    year = "2018",
    Title = {{The A+ design curve}},
    howpublished = {\url{https://dcc.ligo.org/public/0149/T1800042/005/T1800042-v5.pdf}}
}
@article{Singer:2015ema,
    author = "Singer, Leo P. and Price, Larry R.",
    title = "{Rapid Bayesian position reconstruction for gravitational-wave transients}",
    eprint = "1508.03634",
    archivePrefix = "arXiv",
    primaryClass = "gr-qc",
    reportNumber = "LIGO-P1500009-V3, LIGO-P1500009-V4, LIGO-P1500009-V5, LIGO-P1500009-V6, LIGO-P1500009-V7, LIGO-P1500009-V8",
    doi = "10.1103/PhysRevD.93.024013",
    journal = "Phys. Rev. D",
    volume = "93",
    number = "2",
    pages = "024013",
    year = "2016"
}
@article{Nitz:2021pbr,
    author = "Nitz, Alexander H. and Dal Canton, Tito",
    title = "{Pre-merger Localization of Compact-binary Mergers with Third-generation Observatories}",
    eprint = "2106.15259",
    archivePrefix = "arXiv",
    primaryClass = "astro-ph.HE",
    doi = "10.3847/2041-8213/ac1a75",
    journal = "Astrophys. J. Lett.",
    volume = "917",
    number = "2",
    pages = "L27",
    year = "2021"
}
@article{Coughlin:2019qkn,
    author = "Coughlin, Michael W. and others",
    title = "{Optimizing multitelescope observations of gravitational-wave counterparts}",
    eprint = "1909.01244",
    archivePrefix = "arXiv",
    primaryClass = "astro-ph.IM",
    doi = "10.1093/mnras/stz2485",
    journal = "Mon. Not. Roy. Astron. Soc.",
    volume = "489",
    number = "4",
    pages = "5775--5783",
    year = "2019"
}
@article{Tohuvavohu:2020stm,
    author = "Tohuvavohu, Aaron and Kennea, Jamie A. and DeLaunay, James and Palmer, David M. and Cenko, S. Bradley and Barthelmy, Scott",
    title = "{Gamma-Ray Urgent Archiver for Novel Opportunities (GUANO): Swift/BAT Event Data Dumps on Demand to Enable Sensitive Subthreshold GRB Searches}",
    eprint = "2005.01751",
    archivePrefix = "arXiv",
    primaryClass = "astro-ph.HE",
    doi = "10.3847/1538-4357/aba94f",
    journal = "Astrophys. J.",
    volume = "900",
    number = "1",
    pages = "35",
    year = "2020"
}
@article{Bellm:2018aaa,
    doi = {10.1088/1538-3873/aaecbe},
    url = {https://doi.org/10.1088/1538-3873/aaecbe},
    year = {2018},
    month = {dec},
    publisher = {{IOP} Publishing},
    volume = {131},
    number = {995},
    pages = {018002},
    author = {Eric C. Bellm and Shrinivas R. Kulkarni and Matthew J. Graham and Richard Dekany and Roger M. Smith and Reed Riddle and Frank J. Masci and George Helou and Thomas A. Prince and Scott M. Adams and C. Barbarino and Tom Barlow and James Bauer and Ron Beck and Justin Belicki and Rahul Biswas and Nadejda Blagorodnova and Dennis Bodewits and Bryce Bolin and Valery Brinnel and Tim Brooke and Brian Bue and Mattia Bulla and Rick Burruss and S. Bradley Cenko and Chan-Kao Chang and Andrew Connolly and Michael Coughlin and John Cromer and Virginia Cunningham and Kishalay De and Alex Delacroix and Vandana Desai and Dmitry A. Duev and Gwendolyn Eadie and Tony L. Farnham and Michael Feeney and Ulrich Feindt and David Flynn and Anna Franckowiak and S. Frederick and C. Fremling and Avishay Gal-Yam and Suvi Gezari and Matteo Giomi and Daniel A. Goldstein and V. Zach Golkhou and Ariel Goobar and Steven Groom and Eugean Hacopians and David Hale and John Henning and Anna Y. Q. Ho and David Hover and Justin Howell and Tiara Hung and Daniela Huppenkothen and David Imel and Wing-Huen Ip and {\v{Z}}eljko Ivezi{\'{c}} and Edward Jackson and Lynne Jones and Mario Juric and Mansi M. Kasliwal and S. Kaspi and Stephen Kaye and Michael S. P. Kelley and Marek Kowalski and Emily Kramer and Thomas Kupfer and Walter Landry and Russ R. Laher and Chien-De Lee and Hsing Wen Lin and Zhong-Yi Lin and Ragnhild Lunnan and Matteo Giomi and Ashish Mahabal and Peter Mao and Adam A. Miller and Serge Monkewitz and Patrick Murphy and Chow-Choong Ngeow and Jakob Nordin and Peter Nugent and Eran Ofek and Maria T. Patterson and Bryan Penprase and Michael Porter and Ludwig Rauch and Umaa Rebbapragada and Dan Reiley and Mickael Rigault and Hector Rodriguez and Jan van Roestel and Ben Rusholme and Jakob van Santen and S. Schulze and David L. Shupe and Leo P. Singer and Maayane T. Soumagnac and Robert Stein and Jason Surace and Jesper Sollerman and Paula Szkody and F. Taddia and Scott Terek and Angela Van Sistine and Sjoert van Velzen and W. Thomas Vestrand and Richard Walters and Charlotte Ward and Quan-Zhi Ye and Po-Chieh Yu and Lin Yan and Jeffry Zolkower},
    title = {The Zwicky Transient Facility: System Overview, Performance, and First Results},
    journal = {Publications of the Astronomical Society of the Pacific},
}
@article{Coughlin:2019xfb,
    author = "Coughlin, Michael W. and others",
    title = "{GROWTH on S190425z: Searching thousands of square degrees to identify an optical or infrared counterpart to a binary neutron star merger with the Zwicky Transient Facility and Palomar Gattini IR}",
    eprint = "1907.12645",
    archivePrefix = "arXiv",
    primaryClass = "astro-ph.HE",
    doi = "10.3847/2041-8213/ab4ad8",
    journal = "Astrophys. J. Lett.",
    volume = "885",
    number = "1",
    pages = "L19",
    year = "2019"
}
@article{Kornilov:2011fi,
    author = "Kornilov, Victor and others",
    title = "{Robotic optical telescopes global network MASTER II. Equipment, structure, algorithms}",
    eprint = "1111.6904",
    archivePrefix = "arXiv",
    primaryClass = "astro-ph.IM",
    doi = "10.1007/s10686-011-9280-z",
    journal = "Exper. Astron.",
    volume = "33",
    pages = "173",
    year = "2012"
}
@article{CTAConsortium:2013ofs,
    author = "Acharya, B. S. and others",
    collaboration = "CTA Consortium",
    title = "{Introducing the CTA concept}",
    doi = "10.1016/j.astropartphys.2013.01.007",
    journal = "Astropart. Phys.",
    volume = "43",
    pages = "3--18",
    year = "2013"
}
@article{James:2019xca,
    author = "James, Clancy W. and Anderson, Gemma E. and Wen, Linqing and Bosveld, Joel and Chu, Qi and Kovalam, Manoj and Slaven-Blair, Teresa J. and Williams, Andrew",
    title = "{Using negative-latency gravitational wave alerts to detect prompt radio bursts from binary neutron star mergers with the Murchison Widefield Array}",
    eprint = "1908.08688",
    archivePrefix = "arXiv",
    primaryClass = "astro-ph.HE",
    doi = "10.1093/mnrasl/slz129",
    journal = "Mon. Not. Roy. Astron. Soc.",
    volume = "489",
    number = "1",
    pages = "L75--L79",
    year = "2019"
}
@INPROCEEDINGS{Camp:2019aaa,
       author = {{Camp}, J. and {TAP Team}},
        title = "{Transient Astrophysics Probe}",
    booktitle = {The Space Astrophysics Landscape for the 2020s and Beyond},
         year = {2019},
       volume = {2135},
        month = {apr},
          eid = {5027},
        pages = {5027},
       adsurl = {https://ui.adsabs.harvard.edu/abs/2019LPICo2135.5027C},
      adsnote = {Provided by the SAO/NASA Astrophysics Data System}
}
@article{Krastev:2019aaa,
  title={Real-Time Detection of Gravitational Waves from Binary Neutron Stars using Artificial Neural Networks},
  author={Plamen G. Krastev},
  year={2019},
  archivePrefix={arXiv},
  eprint={1908.03151v1},
  url={https://arxiv.org/abs/1908.03151v1}
}
@article{Droz:1999qx,
    author = "Droz, Serge and Knapp, Daniel J. and Poisson, Eric and Owen, Benjamin J.",
    title = "{Gravitational waves from inspiraling compact binaries: Validity of the stationary phase approximation to the Fourier transform}",
    eprint = "gr-qc/9901076",
    archivePrefix = "arXiv",
    doi = "10.1103/PhysRevD.59.124016",
    journal = "Phys. Rev. D",
    volume = "59",
    pages = "124016",
    year = "1999"
}
@article{Faye:2012we,
    author = "Faye, Guillaume and Marsat, Sylvain and Blanchet, Luc and Iyer, Bala R.",
    title = "{The third and a half post-Newtonian gravitational wave quadrupole mode for quasi-circular inspiralling compact binaries}",
    eprint = "1204.1043",
    archivePrefix = "arXiv",
    primaryClass = "gr-qc",
    doi = "10.1088/0264-9381/29/17/175004",
    journal = "Class. Quant. Grav.",
    volume = "29",
    pages = "175004",
    year = "2012"
}
@article{Abbott:2021cuf,
    author = "Abbott, Thomas C. and Buffaz, Eitan and Vieira, Nicholas and Cabero, Miriam and Haggard, Daryl and Mahabal, Ashish and McIver, Jess",
    title = "{GWSkyNet-Multi: A Machine-learning Multiclass Classifier for LIGO\textendash{}Virgo Public Alerts}",
    eprint = "2111.04015",
    archivePrefix = "arXiv",
    primaryClass = "astro-ph.IM",
    doi = "10.3847/1538-4357/ac5019",
    journal = "Astrophys. J.",
    volume = "927",
    number = "2",
    pages = "232",
    year = "2022"
}
@article{Baltus:2021nme,
    author = "Baltus, Gregory and Janquart, Justin and Lopez, Melissa and Reza, Amit and Caudill, Sarah and Cudell, Jean-Rene",
    title = "{Convolutional neural networks for the detection of the early inspiral of a gravitational-wave signal}",
    eprint = "2104.00594",
    archivePrefix = "arXiv",
    primaryClass = "gr-qc",
    reportNumber = "LIGO DCC number LIGO-P2100087",
    doi = "10.1103/PhysRevD.103.102003",
    journal = "Phys. Rev. D",
    volume = "103",
    pages = "102003",
    year = "2021"
}

@inproceedings{Baltus:2021emh,
    author = "Baltus, Gr\'egory and Cudell, Jean-Ren\'e and Janquart, Justin and Lopez, Melissa and Caudill, Sarah and Reza, Amit",
    title = "{Detecting the early inspiral of a gravitational-wave signal with convolutional neural networks}",
    eprint = "2105.13664",
    archivePrefix = "arXiv",
    primaryClass = "gr-qc",
    doi = "10.1109/CBMI50038.2021.9461919",
    month = "5",
    year = "2021"
}
@article{Yu:2021vvm,
    author = "Yu, Hang and Adhikari, Rana X. and Magee, Ryan and Sachdev, Surabhi and Chen, Yanbei",
    title = "{Early warning of coalescing neutron-star and neutron-star-black-hole binaries from the nonstationary noise background using neural networks}",
    eprint = "2104.09438",
    archivePrefix = "arXiv",
    primaryClass = "gr-qc",
    doi = "10.1103/PhysRevD.104.062004",
    journal = "Phys. Rev. D",
    volume = "104",
    number = "6",
    pages = "062004",
    year = "2021"
}
@article{Aveiro:2022bkk,
    author = "Aveiro, Jo\~ao and Freitas, Felipe F. and Ferreira, M\'arcio and Onofre, Antonio and Provid\^encia, Constan\c{c}a and Gon\c{c}alves, Gon\c{c}alo and Font, Jos\'e A.",
    title = "{Identification of Binary Neutron Star Mergers in Gravitational-Wave Data Using YOLO One-Shot Object Detection}",
    eprint = "2207.00591",
    archivePrefix = "arXiv",
    primaryClass = "astro-ph.IM",
    month = "7",
    year = "2022"
}
@article{McIsaac:2022odb,
    author = "McIsaac, Connor and Harry, Ian",
    title = "{Using machine learning to autotune chi-squared tests for gravitational wave searches}",
    eprint = "2203.03449",
    archivePrefix = "arXiv",
    primaryClass = "gr-qc",
    reportNumber = "LIGO-P2100244",
    doi = "10.1103/PhysRevD.105.104056",
    journal = "Phys. Rev. D",
    volume = "105",
    number = "10",
    pages = "104056",
    year = "2022"
}
@article{Choudhary:2022yje,
    author = "Choudhary, Sunil and More, Anupreeta and Suyamprakasam, Sudhagar and Bose, Sukanta",
    title = "{SiGMa-Net: Deep learning network to distinguish binary black hole signals from short-duration noise transients}",
    eprint = "2202.08671",
    archivePrefix = "arXiv",
    primaryClass = "gr-qc",
    month = "2",
    year = "2022"
}
@article{Zhang:2022xuq,
    author = "Zhang, Xue-Ting and Messenger, Chris and Korsakova, Natalia and Chan, Man Leong and Hu, Yi-Ming and Zhang, Jing-dong",
    title = "{Detecting gravitational waves from extreme mass ratio inspirals using convolutional neural networks}",
    eprint = "2202.07158",
    archivePrefix = "arXiv",
    primaryClass = "astro-ph.HE",
    doi = "10.1103/PhysRevD.105.123027",
    journal = "Phys. Rev. D",
    volume = "105",
    number = "12",
    pages = "123027",
    year = "2022"
}
@article{Chen:2020ehw,
    author = "Chen, MengNi and Zhong, Yuanhong and Feng, Yi and Li, Di and Li, Jin",
    title = "{Machine Learning for Nanohertz Gravitational Wave Detection and Parameter Estimation with Pulsar Timing Array}",
    eprint = "2003.13928",
    archivePrefix = "arXiv",
    primaryClass = "astro-ph.IM",
    doi = "10.1007/s11433-020-1609-y",
    journal = "Sci. China Phys. Mech. Astron.",
    volume = "63",
    number = "12",
    pages = "129511",
    year = "2020"
}
@article{Powell:2015ona,
    author = "Powell, Jade and Trifir\`o, Daniele and Cuoco, Elena and Heng, Ik Siong and Cavagli\`a, Marco",
    title = "{Classification methods for noise transients in advanced gravitational-wave detectors}",
    eprint = "1505.01299",
    archivePrefix = "arXiv",
    primaryClass = "astro-ph.IM",
    doi = "10.1088/0264-9381/32/21/215012",
    journal = "Class. Quant. Grav.",
    volume = "32",
    number = "21",
    pages = "215012",
    year = "2015"
}
@article{Powell:2016rkl,
    author = "Powell, Jade and Torres-Forn\'e, Alejandro and Lynch, Ryan and Trifir\`o, Daniele and Cuoco, Elena and Cavagli\`a, Marco and Heng, Ik Siong and Font, Jos\'e A.",
    title = "{Classification methods for noise transients in advanced gravitational-wave detectors II: performance tests on Advanced LIGO data}",
    eprint = "1609.06262",
    archivePrefix = "arXiv",
    primaryClass = "astro-ph.IM",
    doi = "10.1088/1361-6382/34/3/034002",
    journal = "Class. Quant. Grav.",
    volume = "34",
    number = "3",
    pages = "034002",
    year = "2017"
}
@article{Mukherjee:2010zza,
    author = "Mukherjee, S. and Obaid, R. and Matkarimov, B.",
    editor = "Ricci, Fulvio",
    title = "{Classification of glitch waveforms in gravitational wave detector characterization}",
    doi = "10.1088/1742-6596/243/1/012006",
    journal = "J. Phys. Conf. Ser.",
    volume = "243",
    pages = "012006",
    year = "2010"
}
@article{Effler:2015aaa,
    doi = {10.1088/0264-9381/32/3/035017},
    url = {https://doi.org/10.1088/0264-9381/32/3/035017},
    year = {2015},
    month = {jan},
    publisher = {{IOP} Publishing},
    volume = {32},
    number = {3},
    pages = {035017},
    author = {A Effler and R M S Schofield and V V Frolov and G Gonz{\'{a}}lez and K Kawabe and J R Smith and J Birch and R McCarthy},
    title = {Environmental influences on the {LIGO} gravitational wave detectors during the 6th science run},
    journal = {Classical and Quantum Gravity},
}
@article{Biswas:2013wfa,
    author = "Biswas, Rahul and others",
    title = "{Application of machine learning algorithms to the study of noise artifacts in gravitational-wave data}",
    eprint = "1303.6984",
    archivePrefix = "arXiv",
    primaryClass = "astro-ph.IM",
    doi = "10.1103/PhysRevD.88.062003",
    journal = "Phys. Rev. D",
    volume = "88",
    number = "6",
    pages = "062003",
    year = "2013"
}
@article{Coughlin:2019ref,
    author = "Coughlin, S. B. and others",
    title = "{Classifying the unknown: discovering novel gravitational-wave detector glitches using similarity learning}",
    eprint = "1903.04058",
    archivePrefix = "arXiv",
    primaryClass = "astro-ph.IM",
    doi = "10.1103/PhysRevD.99.082002",
    journal = "Phys. Rev. D",
    volume = "99",
    number = "8",
    pages = "082002",
    year = "2019"
}
@article{Mukund:2016thr,
    author = "Mukund, Nikhil and Abraham, Sheelu and Kandhasamy, Shivaraj and Mitra, Sanjit and Philip, Ninan Sajeeth",
    title = "{Transient Classification in LIGO data using Difference Boosting Neural Network}",
    eprint = "1609.07259",
    archivePrefix = "arXiv",
    primaryClass = "astro-ph.IM",
    reportNumber = "IUCAA-14-2016, LIGO-P1600094",
    doi = "10.1103/PhysRevD.95.104059",
    journal = "Phys. Rev. D",
    volume = "95",
    number = "10",
    pages = "104059",
    year = "2017"
}
@article{Cavaglia:2018xjq,
    author = "Cavaglia, Marco and Staats, Kai and Gill, Teerth",
    title = "{Finding the origin of noise transients in LIGO data with machine learning}",
    eprint = "1812.05225",
    archivePrefix = "arXiv",
    primaryClass = "physics.data-an",
    reportNumber = "LIGO-P1800043",
    doi = "10.4208/cicp.OA-2018-0092",
    journal = "Commun. Comput. Phys.",
    volume = "25",
    number = "4",
    pages = "963--987",
    year = "2019"
}
@article{Prix:2009tq,
    author = "Prix, Reinhard and Krishnan, Badri",
    editor = "Diaz, Mario and Jenet, Fredrick and Mohanty, Soumya",
    title = "{Targeted search for continuous gravitational waves: Bayesian versus maximum-likelihood statistics}",
    eprint = "0907.2569",
    archivePrefix = "arXiv",
    primaryClass = "gr-qc",
    reportNumber = "LIGO-P0900066-V2",
    doi = "10.1088/0264-9381/26/20/204013",
    journal = "Class. Quant. Grav.",
    volume = "26",
    pages = "204013",
    year = "2009"
}
@article{Baker:2014eba,
    author = "Baker, Paul T. and Caudill, Sarah and Hodge, Kari A. and Talukder, Dipongkar and Capano, Collin and Cornish, Neil J.",
    title = "{Multivariate Classification with Random Forests for Gravitational Wave Searches of Black Hole Binary Coalescence}",
    eprint = "1412.6479",
    archivePrefix = "arXiv",
    primaryClass = "gr-qc",
    reportNumber = "LIGO-DOCUMENT-P1400231",
    doi = "10.1103/PhysRevD.91.062004",
    journal = "Phys. Rev. D",
    volume = "91",
    number = "6",
    pages = "062004",
    year = "2015"
}
@article{Kokkotas:1999bd,
    author = "Kokkotas, Kostas D. and Schmidt, Bernd G.",
    title = "{Quasinormal modes of stars and black holes}",
    eprint = "gr-qc/9909058",
    archivePrefix = "arXiv",
    doi = "10.12942/lrr-1999-2",
    journal = "Living Rev. Rel.",
    volume = "2",
    pages = "2",
    year = "1999"
}
@article{Kapadia:2017fhb,
    author = "Kapadia, Shasvath J. and Dent, Thomas and Dal Canton, Tito",
    title = "{Classifier for gravitational-wave inspiral signals in nonideal single-detector data}",
    eprint = "1709.02421",
    archivePrefix = "arXiv",
    primaryClass = "astro-ph.IM",
    doi = "10.1103/PhysRevD.96.104015",
    journal = "Phys. Rev. D",
    volume = "96",
    number = "10",
    pages = "104015",
    year = "2017"
}
@INPROCEEDINGS{Szegedy:2016aab,
    author={Szegedy, Christian and Vanhoucke, Vincent and Ioffe, Sergey and Shlens, Jon and Wojna, Zbigniew},
    booktitle={2016 IEEE Conference on Computer Vision and Pattern Recognition (CVPR)},
    title={Rethinking the Inception Architecture for Computer Vision},
    year={2016},
    volume={},
    number={},
    pages={2818-2826},
    doi={10.1109/CVPR.2016.308}
}
@article{Green:2020dnx,
    author = "Green, Stephen R. and Gair, Jonathan",
    title = "{Complete parameter inference for GW150914 using deep learning}",
    eprint = "2008.03312",
    archivePrefix = "arXiv",
    primaryClass = "astro-ph.IM",
    reportNumber = "LIGO-P2000282",
    doi = "10.1088/2632-2153/abfaed",
    journal = "Mach. Learn. Sci. Tech.",
    volume = "2",
    number = "3",
    pages = "03LT01",
    year = "2021"
}
@article{Chatterjee:2022ggk,
    author = "Chatterjee, Chayan and Wen, Linqing and Beveridge, Damon and Diakogiannis, Foivos and Vinsen, Kevin",
    title = "{Rapid localization of gravitational wave sources from compact binary coalescences using deep learning}",
    eprint = "2207.14522",
    archivePrefix = "arXiv",
    primaryClass = "gr-qc",
    month = "7",
    year = "2022"
}
@article{Speagle:2020aaa,
    author = {Speagle, Joshua S},
    title = "{dynesty: a dynamic nested sampling package for estimating Bayesian posteriors and evidences}",
    journal = {Monthly Notices of the Royal Astronomical Society},
    volume = {493},
    number = {3},
    pages = {3132-3158},
    year = {2020},
    month = {02},
    issn = {0035-8711},
    doi = {10.1093/mnras/staa278},
    url = {https://doi.org/10.1093/mnras/staa278},
    eprint = {https://academic.oup.com/mnras/article-pdf/493/3/3132/32890730/staa278.pdf},
}
@misc{Oord:2018aaa,
  doi = {10.48550/ARXIV.1807.03748},
  url = {https://arxiv.org/abs/1807.03748},
  author = {Oord, Aaron van den and Li, Yazhe and Vinyals, Oriol},
  keywords = {Machine Learning (cs.LG), Machine Learning (stat.ML), FOS: Computer and information sciences, FOS: Computer and information sciences},
  title = {Representation Learning with Contrastive Predictive Coding},
  publisher = {arXiv},
  year = {2018},
  copyright = {arXiv.org perpetual, non-exclusive license}
}
@misc{Chen:2020aab,
  doi = {10.48550/ARXIV.2002.05709},
  url = {https://arxiv.org/abs/2002.05709},
  author = {Chen, Ting and Kornblith, Simon and Norouzi, Mohammad and Hinton, Geoffrey},
  keywords = {Machine Learning (cs.LG), Computer Vision and Pattern Recognition (cs.CV), Machine Learning (stat.ML), FOS: Computer and information sciences, FOS: Computer and information sciences},
  title = {A Simple Framework for Contrastive Learning of Visual Representations},
  publisher = {arXiv},
  year = {2020},
  copyright = {arXiv.org perpetual, non-exclusive license}
}
@misc{Grill:2020aaa,
  doi = {10.48550/ARXIV.2006.07733},
  url = {https://arxiv.org/abs/2006.07733},
  author = {Grill, Jean-Bastien and Strub, Florian and Altché, Florent and Tallec, Corentin and Richemond, Pierre H. and Buchatskaya, Elena and Doersch, Carl and Pires, Bernardo Avila and Guo, Zhaohan Daniel and Azar, Mohammad Gheshlaghi and Piot, Bilal and Kavukcuoglu, Koray and Munos, Rémi and Valko, Michal},
  keywords = {Machine Learning (cs.LG), Computer Vision and Pattern Recognition (cs.CV), Machine Learning (stat.ML), FOS: Computer and information sciences, FOS: Computer and information sciences},
  title = {Bootstrap your own latent: A new approach to self-supervised Learning},
  publisher = {arXiv},
  year = {2020},
  copyright = {arXiv.org perpetual, non-exclusive license}
}
@misc{Chen:2020aac,
  doi = {10.48550/ARXIV.2006.10029},
  url = {https://arxiv.org/abs/2006.10029},
  author = {Chen, Ting and Kornblith, Simon and Swersky, Kevin and Norouzi, Mohammad and Hinton, Geoffrey},
  keywords = {Machine Learning (cs.LG), Computer Vision and Pattern Recognition (cs.CV), Machine Learning (stat.ML), FOS: Computer and information sciences, FOS: Computer and information sciences},
  title = {Big Self-Supervised Models are Strong Semi-Supervised Learners},
  publisher = {arXiv},
  year = {2020},
  copyright = {arXiv.org perpetual, non-exclusive license}
}
@online{LIGOScientific:2022aaa,
    url={https://www.ligo.caltech.edu/page/ligo-technology},
    urldate={2022-10-12},
    year={2022},
    author={LIGO Scientific},
    title={LIGO Technology}
}
@online{LIGOScientific:2022aab,
    url={https://www.ligo.org/science/GW-GW2.php},
    urldate={2022-10-12},
    year={2022},
    author={LIGO Scientific},
    title={Introduction to LIGO and Gravitational Waves: Ripples in space-time}
}
@book{Wiener:1949aaa,
  title={Extrapolation, interpolation, and smoothing of stationary time series: with engineering applications},
  author={Wiener, Norbert and Wiener, Norbert and Mathematician, Cyberneticist and Wiener, Norbert and Wiener, Norbert and Math{\'e}maticien, Cybern{\'e}ticien},
  volume={113},
  number={21},
  year={1949},
  publisher={MIT press Cambridge, MA}
}
@article{Verma:2021epx,
    author = "Verma, Chetan and Reza, Amit and Krishnaswamy, Dilip and Caudill, Sarah and Gaur, Gurudatt",
    title = "{Employing Deep Learning for Detection of Gravitational Waves from Compact Binary Coalescences}",
    eprint = "2110.01883",
    archivePrefix = "arXiv",
    primaryClass = "gr-qc",
    month = "10",
    year = "2021"
}
@book{Dragon:2016aaa,
    title={Stichworte und Ergänzungen zu Mathematische Methoden der Physik},
    author={Norbert Dragon},
    publisher={},
    url={https://www.itp.uni-hannover.de/fileadmin/itp/emeritus/dragon/rech.pdf},
    year={2016}
}
@article{Harry:2009ea,
    author = "Harry, Ian W. and Allen, Bruce and Sathyaprakash, B. S.",
    title = "{A Stochastic template placement algorithm for gravitational wave data analysis}",
    eprint = "0908.2090",
    archivePrefix = "arXiv",
    primaryClass = "gr-qc",
    doi = "10.1103/PhysRevD.80.104014",
    journal = "Phys. Rev. D",
    volume = "80",
    pages = "104014",
    year = "2009"
}
@article{LIGO:2021ppb,
    author = "Davis, Derek and others",
    collaboration = "LIGO",
    title = "{LIGO detector characterization in the second and third observing runs}",
    eprint = "2101.11673",
    archivePrefix = "arXiv",
    primaryClass = "astro-ph.IM",
    reportNumber = "P2000495",
    doi = "10.1088/1361-6382/abfd85",
    journal = "Class. Quant. Grav.",
    volume = "38",
    number = "13",
    pages = "135014",
    year = "2021"
}
@article{Steck:2021aaa,
    title={Deep Learning for Recommender Systems: A Netflix Case Study},
    volume={42},
    url={https://ojs.aaai.org/index.php/aimagazine/article/view/18140},
    DOI={10.1609/aimag.v42i3.18140},
    number={3},
    journal={AI Magazine},
    author={Steck, Harald and Baltrunas, Linas and Elahi, Ehtsham and Liang, Dawen and Raimond, Yves and Basilico, Justin},
    year={2021},
    month={Nov},
    pages={7-18}
}
@article{Esteva:2019aaa,
    author={Esteva, Andre and Robicquet, Alexandre and Ramsundar, Bharath and Kuleshov, Volodymyr and DePristo, Mark and Chou, Katherine and Cui, Claire and Corrado, Greg and Thrun, Sebastian and Dean, Jeff},
    title={A guide to deep learning in healthcare},
    journal={Nature Medicine},
    year={2019},
    month={Jan},
    day={01},
    volume={25},
    number={1},
    pages={24-29},
    issn={1546-170X},
    doi={10.1038/s41591-018-0316-z},
    url={https://doi.org/10.1038/s41591-018-0316-z}
}
@article{Jumper:2021aaa,
    author={Jumper, John and Evans, Richard and Pritzel, Alexander and Green, Tim and Figurnov, Michael and Ronneberger, Olaf and Tunyasuvunakool, Kathryn and Bates, Russ and {\v{Z}}{\'i}dek, Augustin and Potapenko, Anna and Bridgland, Alex and Meyer, Clemens and Kohl, Simon A. A. and Ballard, Andrew J. and Cowie, Andrew and Romera-Paredes, Bernardino and Nikolov, Stanislav and Jain, Rishub and Adler, Jonas and Back, Trevor and Petersen, Stig and Reiman, David and Clancy, Ellen and Zielinski, Michal and Steinegger, Martin and Pacholska, Michalina and Berghammer, Tamas and Bodenstein, Sebastian and Silver, David and Vinyals, Oriol and Senior, Andrew W. and Kavukcuoglu, Koray and Kohli, Pushmeet and Hassabis, Demis},
    title={Highly accurate protein structure prediction with AlphaFold},
    journal={Nature},
    year={2021},
    month={Aug},
    day={01},
    volume={596},
    number={7873},
    pages={583-589},
    issn={1476-4687},
    doi={10.1038/s41586-021-03819-2},
    url={https://doi.org/10.1038/s41586-021-03819-2}
}
@misc{Clevert:2015aaa,
  doi = {10.48550/ARXIV.1511.07289},
  url = {https://arxiv.org/abs/1511.07289},
  author = {Clevert, Djork-Arné and Unterthiner, Thomas and Hochreiter, Sepp},
  keywords = {Machine Learning (cs.LG), FOS: Computer and information sciences, FOS: Computer and information sciences},
  title = {Fast and Accurate Deep Network Learning by Exponential Linear Units (ELUs)},
  publisher = {arXiv},
  year = {2015},
  copyright = {arXiv.org perpetual, non-exclusive license}
}
@article{Fukushima:1975aaa,
    author={Fukushima, Kunihiko},
    title={Cognitron: A self-organizing multilayered neural network},
    journal={Biological Cybernetics},
    year={1975},
    month={Sep},
    day={01},
    volume={20},
    number={3},
    pages={121-136},
    issn={1432-0770},
    doi={10.1007/BF00342633},
    url={https://doi.org/10.1007/BF00342633}
}
@inproceedings{Nair:2010aaa,
  author={Vinod Nair and Geoffrey E. Hinton},
  title={Rectified Linear Units Improve Restricted Boltzmann Machines},
  year={2010},
  cdate={1262304000000},
  pages={807-814},
  url={https://icml.cc/Conferences/2010/papers/432.pdf},
  booktitle={ICML},
  crossref={conf/icml/2010}
}
@inproceedings{Vaswani:2017aaa,
     author = {Vaswani, Ashish and Shazeer, Noam and Parmar, Niki and Uszkoreit, Jakob and Jones, Llion and Gomez, Aidan N and Kaiser, \L ukasz and Polosukhin, Illia},
     booktitle = {Advances in Neural Information Processing Systems},
     editor = {I. Guyon and U. Von Luxburg and S. Bengio and H. Wallach and R. Fergus and S. Vishwanathan and R. Garnett},
     pages = {},
     publisher = {Curran Associates, Inc.},
     title = {Attention is All you Need},
     url = {https://proceedings.neurips.cc/paper/2017/file/3f5ee243547dee91fbd053c1c4a845aa-Paper.pdf},
     volume = {30},
     year = {2017}
}
@book{Tunstall:2022aaa,
    title={Natural Language Processing with Transformers},
    author={Lewis Tunstall and Leandro von Werra and Thomas Wolf},
    publisher={O'Reilly Media, Inc.},
    url={https://transformersbook.com/},
    year={2022}
}
@misc{Yin:2017aaa,
    doi = {10.48550/ARXIV.1702.01923},
    url = {https://arxiv.org/abs/1702.01923},
    author = {Yin, Wenpeng and Kann, Katharina and Yu, Mo and Schütze, Hinrich},
    keywords = {Computation and Language (cs.CL), FOS: Computer and information sciences, FOS: Computer and information sciences},
    title = {Comparative Study of CNN and RNN for Natural Language Processing},
    publisher = {arXiv},
    year = {2017},
    copyright = {arXiv.org perpetual, non-exclusive license}
}
@article{Elman:1990aaa,
    author = {Elman, Jeffrey L.},
    title = {Finding Structure in Time},
    journal = {Cognitive Science},
    volume = {14},
    number = {2},
    pages = {179-211},
    doi = {https://doi.org/10.1207/s15516709cog1402\_1},
    url = {https://onlinelibrary.wiley.com/doi/abs/10.1207/s15516709cog1402_1},
    eprint = {https://onlinelibrary.wiley.com/doi/pdf/10.1207/s15516709cog1402_1},
    year = {1990}
}
@article{Rumelhart:1986aaa,
    author={Rumelhart, David E.
    and Hinton, Geoffrey E.
    and Williams, Ronald J.},
    title={Learning representations by back-propagating errors},
    journal={Nature},
    year={1986},
    month={Oct},
    day={01},
    volume={323},
    number={6088},
    pages={533-536},
    issn={1476-4687},
    doi={10.1038/323533a0},
    url={https://doi.org/10.1038/323533a0}
}
@InProceedings{Zeiler:2014aaa,
    author="Zeiler, Matthew D. and Fergus, Rob",
    title="Visualizing and Understanding Convolutional Networks",
    booktitle="Computer Vision -- ECCV 2014",
    year="2014",
    publisher="Springer International Publishing",
    address="Cham",
    pages="818--833",
    isbn="978-3-319-10590-1"
}
@misc{Oord:2016wav,
  doi = {10.48550/ARXIV.1609.03499},
  url = {https://arxiv.org/abs/1609.03499},
  author = {Oord, Aaron van den and Dieleman, Sander and Zen, Heiga and Simonyan, Karen and Vinyals, Oriol and Graves, Alex and Kalchbrenner, Nal and Senior, Andrew and Kavukcuoglu, Koray},
  keywords = {Sound (cs.SD), Machine Learning (cs.LG), FOS: Computer and information sciences, FOS: Computer and information sciences},
  title = {WaveNet: A Generative Model for Raw Audio},
  publisher = {arXiv},
  year = {2016},
  copyright = {arXiv.org perpetual, non-exclusive license}
}
@inproceedings{LeCun:1989aaa,
    author = {LeCun, Yann and Boser, Bernhard and Denker, John and Henderson, Donnie and Howard, R. and Hubbard, Wayne and Jackel, Lawrence},
    booktitle = {Advances in Neural Information Processing Systems},
    editor = {D. Touretzky},
    pages = {},
    publisher = {Morgan-Kaufmann},
    title = {Handwritten Digit Recognition with a Back-Propagation Network},
    url = {https://proceedings.neurips.cc/paper/1989/file/53c3bce66e43be4f209556518c2fcb54-Paper.pdf},
    volume = {2},
    year = {1989}
}
@inproceedings{Ranzato:2008aaa,
    author = {Ranzato, Marc\textquotesingle aurelio and Boureau, Y-lan and Cun, Yann},
    booktitle = {Advances in Neural Information Processing Systems},
    editor = {J. Platt and D. Koller and Y. Singer and S. Roweis},
    pages = {},
    publisher = {Curran Associates, Inc.},
    title = {Sparse Feature Learning for Deep Belief Networks},
    url = {https://proceedings.neurips.cc/paper/2007/file/c60d060b946d6dd6145dcbad5c4ccf6f-Paper.pdf},
    volume = {20},
    year = {2007}
}
@misc{Gholamalinezhad:2020aaa,
    doi = {10.48550/ARXIV.2009.07485},
    url = {https://arxiv.org/abs/2009.07485},
    author = {Gholamalinezhad, Hossein and Khosravi, Hossein},
    keywords = {Computer Vision and Pattern Recognition (cs.CV), Machine Learning (cs.LG), FOS: Computer and information sciences, FOS: Computer and information sciences},
    title = {Pooling Methods in Deep Neural Networks, a Review},
    publisher = {arXiv},
    year = {2020},
    copyright = {arXiv.org perpetual, non-exclusive license}
}
@online{Yohanandan:2020aaa,
    url={https://towardsdatascience.com/map-mean-average-precision-might-confuse-you-5956f1bfa9e2},
    urldate={2022-10-16},
    year={2020},
    author={Shivy Yohanandan},
    title={mAP (mean Average Precision) might confuse you!}
}

@online{Flickr:2022aaa,
    url={https://www.flickr.com/},
    urldate={2022-10-16},
    year={2022},
    author={Flickr},
    title={Flickr}
}
@misc{You:2017aaa,
    doi = {10.48550/ARXIV.1708.03888},
    url = {https://arxiv.org/abs/1708.03888},
    author = {You, Yang and Gitman, Igor and Ginsburg, Boris},
    keywords = {Computer Vision and Pattern Recognition (cs.CV), FOS: Computer and information sciences, FOS: Computer and information sciences},
    title = {Large Batch Training of Convolutional Networks},
    publisher = {arXiv},
    year = {2017},
    copyright = {arXiv.org perpetual, non-exclusive license}
}
@inproceedings{Ng:2004aaa,
    author = {Ng, Andrew Y.},
    title = {Feature Selection, L1 vs. L2 Regularization, and Rotational Invariance},
    year = {2004},
    isbn = {1581138385},
    publisher = {Association for Computing Machinery},
    address = {New York, NY, USA},
    url = {https://doi.org/10.1145/1015330.1015435},
    doi = {10.1145/1015330.1015435},
    booktitle = {Proceedings of the Twenty-First International Conference on Machine Learning},
    pages = {78},
    location = {Banff, Alberta, Canada},
    series = {ICML '04}
}
@InProceedings{Lin:2014aaa,
    author="Lin, Tsung-Yi and Maire, Michael and Belongie, Serge and Hays, James and Perona, Pietro and Ramanan, Deva and Doll{\'a}r, Piotr and Zitnick, C. Lawrence",
    editor="Fleet, David and Pajdla, Tomas and Schiele, Bernt and Tuytelaars, Tinne",
    title="Microsoft COCO: Common Objects in Context",
    booktitle="Computer Vision -- ECCV 2014",
    year="2014",
    publisher="Springer International Publishing",
    address="Cham",
    pages="740--755",
    isbn="978-3-319-10602-1",
    doi = {10.48550/ARXIV.1405.0312},
    url = {https://arxiv.org/abs/1405.0312}
}
@article{CalderonBustillo:2016rlt,
    author = "Calder\'on Bustillo, Juan and Laguna, Pablo and Shoemaker, Deirdre",
    title = "{Detectability of gravitational waves from binary black holes: Impact of precession and higher modes}",
    eprint = "1612.02340",
    archivePrefix = "arXiv",
    primaryClass = "gr-qc",
    doi = "10.1103/PhysRevD.95.104038",
    journal = "Phys. Rev. D",
    volume = "95",
    number = "10",
    pages = "104038",
    year = "2017"
}
@article{aLIGO:2020wna,
    author = "Buikema, Aaron and others",
    collaboration = "aLIGO",
    title = "{Sensitivity and performance of the Advanced LIGO detectors in the third observing run}",
    eprint = "2008.01301",
    archivePrefix = "arXiv",
    primaryClass = "astro-ph.IM",
    doi = "10.1103/PhysRevD.102.062003",
    journal = "Phys. Rev. D",
    volume = "102",
    number = "6",
    pages = "062003",
    year = "2020"
}
@article{Dooley:2013jqa,
    author = "Dooley, Katherine L and Barsotti, Lisa and Adhikari, Rana X and Evans, Matthew and Fricke, Tobin T and Fritschel, Peter and Frolov, Valera and Kawabe, Keita and Smith-Lefebvre, Nicol\'as",
    title = "{Angular control of optical cavities in a radiation pressure dominated regime: the Enhanced LIGO case}",
    eprint = "1310.3662",
    archivePrefix = "arXiv",
    primaryClass = "physics.ins-det",
    doi = "10.1364/JOSAA.30.002618",
    journal = "J. Opt. Soc. Am. A",
    volume = "30",
    pages = "2618",
    year = "2013"
}
@article{Skliris:2020qax,
    author = "Skliris, Vasileios and Norman, Michael R. K. and Sutton, Patrick J.",
    title = "{Real-Time Detection of Unmodelled Gravitational-Wave Transients Using Convolutional Neural Networks}",
    eprint = "2009.14611",
    archivePrefix = "arXiv",
    primaryClass = "astro-ph.IM",
    month = "9",
    year = "2020"
}
